3273 5134
1340 366 1673 415 Introductio.
2613 360 2742 415 XXI

246 538 507 597 tudinem
556 537 899 617 porrigitur.
989 540 1056 600 θ.
1109 533 1444 596 Formatio
1490 532 1645 596 Pini
1691 533 2103 611 halepensiS,
2162 536 2324 597 cuius
2380 536 2746 597 formationis

246 624 473 685 arbores
522 624 707 685 modo
754 622 1025 701 singulae
1058 622 1231 683 modo
1276 624 1351 683 ad
1398 622 1578 683 silvas
1610 642 1855 701 magnas
1887 624 2234 684 coniunctae
2279 632 2348 683 ut
2386 624 2446 683 in
2478 623 2745 694 Locride,

245 712 393 791 apud
440 711 708 782 Thebas,
757 711 820 770 in
866 710 1066 771 Attica
1112 709 1269 789 apud
1314 710 1500 781 Tatoi,
1546 712 1607 770 in
1657 710 1876 769 isthmo
1923 710 2311 783 Corinthiam,
2359 712 2416 769 in
2465 709 2747 788 Argolide

247 798 395 877 apud
444 796 851 878 Sophidikon,
913 800 971 857 in
1018 797 1193 858 Elide
1238 797 1313 858 ab
1357 798 1527 857 litore
1570 818 1758 875 usque
1804 796 1879 856 ad
1932 802 2096 860 1000
2143 818 2218 858 m.
2265 799 2325 857 in
2372 796 2744 857 altitudinem

246 895 543 965 porrectae
592 886 993 945 inveniuntur.
1068 884 1349 963 Virgulta
1394 884 1505 943 sub
1545 886 1612 943 iis
1654 904 1827 963 saepe
1856 905 1930 944 ex
1972 882 2239 949 Genista
2285 882 2746 949 acanthoclada

244 974 571 1051 composita
620 982 777 1043 sunt,
826 971 921 1031 vel
966 971 1095 1031 aliis
1140 972 1573 1044 formationum,
1634 970 1708 1031 de
1753 970 1983 1050 quibus.
2013 974 2252 1051 egimuS,
2299 972 2608 1032 fruticibus
2655 970 2748 1031 vel

244 1059 725 1119 semifrutieibus.
800 1058 1042 1119 Herbae
1077 1057 1329 1118 humiles
1376 1059 1662 1137 imprimis
1707 1079 1781 1119 ex
1826 1057 2021 1119 herbis
2066 1058 2252 1119 florae
2298 1058 2749 1118 mediterraneae

242 1148 606 1225 compositae
668 1156 826 1207 sunt.
929 1144 1259 1205 Nonnullis
1326 1145 1468 1205 locis
1522 1145 1697 1205 huius
1753 1145 2122 1206 formationis
2180 1146 2308 1206 loco
2377 1144 2453 1208 P.
2512 1144 2752 1227 pineae

246 1233 519 1293 formatio
565 1234 868 1294 invenitur
911 1241 977 1292 ut
1016 1232 1175 1311 apud
1215 1230 1646 1305 Marathonem,
1692 1232 1852 1313 apud
1894 1231 2218 1294 Manolada
2261 1233 2324 1293 in
2371 1231 2561 1303 Elide,
2607 1232 2750 1292 locis

248 1322 395 1380 inter
440 1319 757 1400 Alpheum
812 1329 869 1380 et
926 1318 1161 1379 Nedam
1225 1319 1364 1379 sitis
1454 1341 1494 1382 ι.
1541 1316 1881 1380 Forma-tio
1938 1318 2234 1394 Platani,
2294 1320 2460 1380 cuius
2513 1318 2748 1379 arbores

246 1418 387 1467 sunt
448 1405 729 1471 Platani
796 1404 1160 1485 orientales,
1236 1406 1451 1486 quibus
1518 1404 1754 1487 Populi
1811 1415 1870 1465 et
1927 1404 2172 1469 Salices
2231 1407 2532 1466 immixtae
2592 1416 2746 1467 sunt.

246 1498 421 1570 Quae
478 1494 737 1565 arboreS‚
799 1514 931 1554 cum
985 1492 1131 1554 locis
1184 1493 1444 1553 humidis
1496 1494 1865 1573 proveniant,
1927 1494 2208 1572 imprimis
2263 1514 2442 1573 prope
2497 1494 2750 1553 virorum

246 1594 425 1659 atque
469 1580 800 1641 fluminum
844 1582 1003 1659 ripas
1049 1580 1448 1641 inveniuntur.
1520 1580 1800 1659 Virgulta
1839 1600 2014 1659 saepe
2052 1601 2127 1640 ex
2171 1579 2369 1644 Vitice
2413 1579 2509 1640 vel
2551 1578 2749 1643 Nerio

246 1669 575 1747 composita
622 1679 779 1729 sunt.
860 1667 1151 1728 Platanus
1197 1688 1381 1747 usque
1426 1667 1500 1728 ad
1537 1666 1668 1727 loca
1706 1673 1870 1731 1000
1905 1688 1980 1727 m.
2027 1687 2277 1749 aequore
2323 1668 2500 1728 maris
2545 1666 2752 1727 altiora

249 1756 567 1827 invenitur,
614 1754 715 1815 ubi
766 1776 885 1815 non
931 1774 1060 1815 raro
1106 1755 1423 1815 marcescit.

425 1892 819 1955 AdnotatiO.
912 1896 1004 1955 Do
1059 1910 1225 1972 agro
1272 1894 1496 1955 culto:
1555 1894 1857 1955 frumenta
1915 1894 1975 1953 in
2024 1893 2270 1955 Graecia
2317 1892 2594 1953 coluntur
2649 1896 2753 1953 im-

248 1982 460 2062 primis
522 1982 697 2041 haec:
760 1980 1093 2046 Hordeum
1135 1981 1402 2063 vulyare
1458 1992 1517 2041 et
1574 1980 2034 2057 hexasticham,
2108 1979 2422 2045 Triticum
2467 1980 2747 2062 camare,

248 2071 451 2128 minus
490 2090 667 2149 saepe
712 2068 932 2133 Secale
977 2068 1217 2132 cereale
1228 2090 1253 2149 ,·
1298 2068 1537 2129 deinde:
1587 2068 1727 2131 Zea
1771 2088 1972 2151 may&
2029 2069 2196 2128 cuius
2243 2069 2453 2147 speciei
2502 2070 2558 2127 in
2606 2068 2753 2128 Τευ-

248 2155 459 2215 merka
524 2166 724 2216 monte
782 2155 944 2235 apud
1001 2155 1472 2217 Theodorianam
1531 2156 1593 2215 in
1653 2156 1837 2235 Epiro
1895 2158 2006 2215 sito
2074 2176 2346 2234 eampum
2405 2156 2522 2215 iam
2579 2176 2754 2234 super

246 2244 433 2302 finem
480 2243 737 2321 regionis
784 2243 1075 2304 abietinae
1106 2243 1240 2315 vidi,
1287 2244 1351 2302 in
1389 2263 1505 2322 quo
1536 2242 1805 2319 singulae
1850 2242 2065 2303 herbae
2109 2241 2307 2322 palma
2352 2263 2475 2302 non
2520 2242 2752 2302 altiores

247 2338 452 2401 erant;
520 2329 827 2409 legumina
890 2330 1164 2390 coluntur
1224 2331 1395 2392 haec:
1479 2328 1663 2393 Cicer
1725 2328 2091 2408 arietinum,
2162 2327 2388 2392 Pisum
2457 2328 2752 2409 sativum,

248 2416 505 2480 Ervum
536 2416 689 2495 len-3,
754 2414 942 2481 Ποία
956 2415 1152 2499 faba,
1202 2415 1573 2481 Pha-aeolus,
1651 2417 1902 2478 Plantae
1940 2416 2250 2477 tuberosae
2295 2415 2570 2476 coluntur
2611 2416 2754 2476 hae:

248 2502 569 2567 Solanum
602 2504 992 2586 tuberosum;
1036 2504 1247 2565 deinde
1288 2502 1670 2586 Gossypimn
1701 2503 2089 2586 herbaceum,
2137 2502 2358 2567 Rubia
2394 2502 2752 2582 tinctorum,

248 2589 617 2656 Nicotz'ana
678 2592 987 2664 tabacum,
1049 2613 1199 2672 quae
1256 2593 1440 2652 herba
1497 2593 1724 2672 optima
1782 2591 2066 2671 qualitate
2124 2593 2182 2651 in
2230 2593 2575 2651 Acarnania
2631 2613 2757 2650 esse

248 2678 485 2739 dicitur.
574 2678 802 2758 Magna
848 2699 989 2740 arva
1036 2680 1223 2739 vineis
1269 2678 1607 2758 implent-ur,
1657 2681 1940 2759 imprimis
1987 2678 2126 2738 litus
2171 2677 2562 2757 Peleponnesi
2607 2679 2758 2738 inter

248 2765 705 2845 septemtriones
772 2775 833 2826 et
897 2767 1179 2826 orientem
1249 2779 1535 2846 spectans.
1630 2765 1812 2827 Olera
1881 2767 2156 2826 coluntur
2212 2766 2386 2826 haec:
2463 2764 2758 2826 nonnulla

246 2850 579 2916 Brassiae
620 2854 840 2932 species
885 2852 1266 2934 Raphana&
1316 2851 1589 2934 Sinopis
1630 2851 1826 2935 niqra
1877 2863 1936 2912 et
1975 2853 2146 2930 alba,
2197 2852 2482 2916 Laetuea
2519 2851 2754 2930 sativa,

254 2937 633 3003 Ciehorium
678 2937 960 3019 mdivia,
1022 2939 1267 3022 Apz'um
1321 2940 1712 3022 yraz·eolen.5·,
1775 2938 2044 3003 Daue-us
2098 2943 2338 3018 cai-ota,
2400 2939 2574 3002 Bata
2628 2939 2758 3002 vul-

242 3024 457 3108 μαγίς,
500 3025 840 3108 Spinacia,
888 3025 1135 3102 Allium
1156 3047 1447 3108 porrum,
1492 3026 1788 3104 sativum,
1834 3048 2002 3107 cepa,
2050 3025 2360 3090 Hibiseus
2391 3027 2755 3107 esculentus,

250 3111 569 3176 Dolichos
596 3111 1235 3196 melanophthalnnae,
1284 3113 1788 3196 Lycopersicum,
1844 3113 2106 3194 szara
2141 3115 2470 3194 scol-ismae,
2526 3111 2757 3176 Onetor-

251 3199 397 3263 ὀξέα
442 3219 606 3281 pepo
627 3251 641 3280 ,
721 3199 1031 3266 Uitr-nllus
1086 3201 1403 3283 υηῑρανὶε,
1473 3199 1772 3265 Gecaumie
1829 3201 1983 3264 melo
2045 3211 2102 3260 et
2173 3199 2454 3280 salimes:
2523 3201 2758 3260 arbores

250 3287 583 3366 pomiferae
628 3285 725 3347 vel
780 3288 1021 3348 frutices
1076 3288 1351 3347 coluntur
1408 3289 1547 3348 hae:
1606 3288 2010 3370 Amyqdalus
2069 3286 2432 3366 communie,
2496 3287 2760 3351 Persica

252 3373 571 3454 rnlyaris,
634 3373 899 3438 Primus
959 3374 1273 3452 armenia,
1339 3374 1575 3452 avium,
1626 3395 1902 3452 cerasa-9,
1960 3373 2273 3456 Cydonia,
2349 3373 2561 3454 Pyt-‘us
2605 3395 2756 3437 eom=

252 3459 479 3524 munis
520 3472 579 3521 et-
624 3461 854 3542 maIuS,
915 3461 1302 3542 Eriobotrya
1336 3461 1677 3544 japoniea‚
1744 3461 2000 3526 Punica
2042 3465 2414 3543 manat-um,
2479 3461 2760 3543 Juylcms

250 3547 465 3629 γεμὴ,
523 3547 930 3630 Citviyenera
986 3549 1299 3622 nonnulla,
1366 3549 1597 3626 FieuS,
1659 3549 1892 3612 M‘orus
1949 3548 2144 3630 niqra
2205 3559 2264 3608 et
2323 3549 2490 3626 alba,
2565 3547 2760 3612 labes

242 3633 665 3718 9·rosettlaria
710 3645 769 3694 et
812 3636 1101 3699 rubrum.

990 3807 1051 3874 b)
1089 3805 1260 3875 Regio
1296 3808 1567 3865 montana
1604 3808 1660 3864 et
1697 3806 2021 3876 subalpina:

434 3931 738 4006 Quercum
785 3932 1125 3992 cocciferam
1173 3932 1234 3990 in
1282 3931 1656 3992 altitudinem
1703 3953 1890 4010 usque
1925 3933 2001 3990 ad
2030 3931 2158 3991 loca
2197 3936 2359 3994 1000
2387 3953 2464 3990 m.
2511 3951 2759 4010 aequore

253 4019 437 4077 maris
480 4017 693 4078 altiora
738 4019 951 4098 porrigi
996 4020 1113 4078 iam
1162 4039 1339 4098 supra
1385 4019 1649 4090 dicimus,
1711 4041 1829 4098 qua
1882 4040 1956 4077 ex
2012 4039 2190 4078 causa
2243 4040 2416 4097 saepe
2460 4019 2759 4096 regionem

252 4115 605 4164 montanam
665 4105 851 4184 ipsam
914 4105 1119 4185 tangit.
1226 4105 1379 4166 Aliis
1438 4105 1583 4166 locis
1643 4105 1829 4166 saltus
1901 4107 2160 4166 montani
2222 4107 2543 4185 interpositi
2603 4119 2758 4176 sunt,

250 4203 394 4271 post
440 4212 587 4270 quos
634 4191 875 4252 demum
922 4193 1079 4271 regio
1125 4202 1409 4252 montana
1454 4194 1684 4252 initium
1721 4194 1893 4272 capit.
1971 4193 2214 4270 Propria
2245 4192 2379 4252 huic
2426 4194 2758 4254 formationi

256 4288 401 4337 sunt
442 4297 697 4357 magnae
729 4278 933 4351 silvae,
978 4300 1221 4359 quarum
1256 4289 1506 4358 quatuor
1534 4301 1751 4359 genera
1779 4281 1930 4338 inter
1969 4301 2030 4339 se
2062 4280 2394 4340 differentia
2420 4281 2478 4340 in
2513 4279 2758 4340 Graecia

250 4365 660 4436 inveniuntur,
714 4385 893 4444 quare
939 4376 1187 4446 quatuor
1232 4368 1613 4426 formationes
1661 4367 1828 4426 nobis
1877 4367 2223 4426 statuendae
2271 4377 2435 4426 sunt:
2483 4387 2545 4429 α.
2600 4367 2757 4426 For-

252 4449 469 4512 matio
516 4449 847 4512 silvarum
892 4452 1285 4528 mixtarum,
1334 4475 1484 4532 quae
1530 4474 1688 4513 nunc
1736 4454 1967 4532 quidem
2019 4457 2077 4512 in
2127 4453 2307 4533 Epiro
2353 4463 2410 4514 et
2453 4455 2510 4512 in
2561 4453 2758 4514 Pindo

250 4548 477 4598 restare
536 4539 768 4599 videtur
830 4549 1005 4619 utque
1062 4543 1119 4600 in
1184 4541 1476 4602 radicibus
1538 4542 1820 4601 montium
1885 4541 2054 4600 valde
2114 4541 2338 4600 diffusa
2401 4552 2519 4614 esu
2595 4543 2762 4602 cuius
