<?xml version="1.0" encoding="UTF-8"?>
<!DOCTYPE html PUBLIC "-//W3C//DTD XHTML 1.0 Transitional//EN"
    "http://www.w3.org/TR/xhtml1/DTD/xhtml1-transitional.dtd">
<html xmlns="http://www.w3.org/1999/xhtml" xml:lang="en" lang="en">
 <head>
  <title>
</title>
<meta http-equiv="Content-Type" content="text/html;charset=utf-8" />
  <meta name='ocr-system' content='tesseract 3.04.00' />
  <meta name='ocr-capabilities' content='ocr_page ocr_carea ocr_par ocr_line ocrx_word'/>
</head>
<body>
  <div class='ocr_page' id='page_1' title='image "./conspectusflora06halgoog_0633.png"; bbox 0 0 3273 5134; ppageno 0'>
   <div class='ocr_carea' id='block_1_1' title="bbox 408 483 533 615">
    <p class='ocr_par' dir='ltr' id='par_1_1' title="bbox 408 483 533 615">
     <span class='ocr_line' id='line_1_1' title="bbox 418 483 533 534; baseline 0.009 -10"><span class='ocrx_word' id='word_1_1' title='bbox 418 483 533 534; x_wconf 78' lang='lat' dir='ltr'><strong>Pag.</strong></span> 
     </span>
     <span class='ocr_line' id='line_1_2' title="bbox 408 561 511 615; baseline -0.01 0"><span class='ocrx_word' id='word_1_2' title='bbox 408 561 511 615; x_wconf 78' lang='lat'><strong>364</strong></span> 
     </span>
    </p>
   </div>
   <div class='ocr_carea' id='block_1_2' title="bbox 408 770 511 824">
    <p class='ocr_par' dir='ltr' id='par_1_2' title="bbox 408 770 511 824">
     <span class='ocr_line' id='line_1_3' title="bbox 408 770 511 824; baseline -0.019 0"><span class='ocrx_word' id='word_1_3' title='bbox 408 770 511 824; x_wconf 87' lang='grc'><strong>365</strong></span> 
     </span>
    </p>
   </div>
   <div class='ocr_carea' id='block_1_3' title="bbox 318 976 515 1031">
    <p class='ocr_par' dir='ltr' id='par_1_3' title="bbox 318 976 515 1031">
     <span class='ocr_line' id='line_1_4' title="bbox 318 976 515 1031; baseline 0.01 -2"><span class='ocrx_word' id='word_1_4' title='bbox 318 986 327 997; x_wconf 84' lang='grc'><em>·</em></span> <span class='ocrx_word' id='word_1_5' title='bbox 412 976 515 1031; x_wconf 87' lang='grc'><strong>366</strong></span> 
     </span>
    </p>
   </div>
   <div class='ocr_carea' id='block_1_4' title="bbox 412 1600 513 1653">
    <p class='ocr_par' dir='ltr' id='par_1_4' title="bbox 412 1600 513 1653">
     <span class='ocr_line' id='line_1_5' title="bbox 412 1600 513 1653; baseline 0 -1"><span class='ocrx_word' id='word_1_6' title='bbox 412 1600 513 1653; x_wconf 89' lang='grc'><strong>368</strong></span> 
     </span>
    </p>
   </div>
   <div class='ocr_carea' id='block_1_5' title="bbox 412 1806 513 1861">
    <p class='ocr_par' dir='ltr' id='par_1_5' title="bbox 412 1806 513 1861">
     <span class='ocr_line' id='line_1_6' title="bbox 412 1806 513 1861; baseline 0 -1"><span class='ocrx_word' id='word_1_7' title='bbox 412 1806 513 1861; x_wconf 87' lang='grc'><strong>369</strong></span> 
     </span>
    </p>
   </div>
   <div class='ocr_carea' id='block_1_6' title="bbox 414 2247 517 2300">
    <p class='ocr_par' dir='ltr' id='par_1_6' title="bbox 414 2247 517 2300">
     <span class='ocr_line' id='line_1_7' title="bbox 414 2247 517 2300; baseline -0.01 0"><span class='ocrx_word' id='word_1_8' title='bbox 414 2247 517 2300; x_wconf 87' lang='grc'><strong>375</strong></span> 
     </span>
    </p>
   </div>
   <div class='ocr_carea' id='block_1_7' title="bbox 415 2456 517 2649">
    <p class='ocr_par' dir='ltr' id='par_1_7' title="bbox 415 2456 517 2649">
     <span class='ocr_line' id='line_1_8' title="bbox 415 2456 516 2509; baseline -0.02 0"><span class='ocrx_word' id='word_1_9' title='bbox 415 2456 516 2509; x_wconf 85' lang='grc'><strong>376</strong></span> 
     </span>
     <span class='ocr_line' id='line_1_9' title="bbox 416 2595 517 2649; baseline -0.01 -1"><span class='ocrx_word' id='word_1_10' title='bbox 416 2595 517 2649; x_wconf 84' lang='grc'><strong>379</strong></span> 
     </span>
    </p>
   </div>
   <div class='ocr_carea' id='block_1_8' title="bbox 417 3061 519 3115">
    <p class='ocr_par' dir='ltr' id='par_1_8' title="bbox 417 3061 519 3115">
     <span class='ocr_line' id='line_1_10' title="bbox 417 3061 519 3115; baseline 0.01 -1"><span class='ocrx_word' id='word_1_11' title='bbox 417 3061 519 3115; x_wconf 90' lang='grc'><strong>380</strong></span> 
     </span>
    </p>
   </div>
   <div class='ocr_carea' id='block_1_9' title="bbox 419 3365 519 3419">
    <p class='ocr_par' dir='ltr' id='par_1_9' title="bbox 419 3365 519 3419">
     <span class='ocr_line' id='line_1_11' title="bbox 419 3365 519 3419; baseline -0.01 0"><span class='ocrx_word' id='word_1_12' title='bbox 419 3365 519 3419; x_wconf 86' lang='grc'><strong>382</strong></span> 
     </span>
    </p>
   </div>
   <div class='ocr_carea' id='block_1_10' title="bbox 420 3660 523 3714">
    <p class='ocr_par' dir='ltr' id='par_1_10' title="bbox 420 3660 523 3714">
     <span class='ocr_line' id='line_1_12' title="bbox 420 3660 523 3714; baseline 0 0"><span class='ocrx_word' id='word_1_13' title='bbox 420 3660 523 3714; x_wconf 87' lang='lat'><strong>384</strong></span> 
     </span>
    </p>
   </div>
   <div class='ocr_carea' id='block_1_11' title="bbox 420 3868 522 3922">
    <p class='ocr_par' dir='ltr' id='par_1_11' title="bbox 420 3868 522 3922">
     <span class='ocr_line' id='line_1_13' title="bbox 420 3868 522 3922; baseline -0.01 0"><span class='ocrx_word' id='word_1_14' title='bbox 420 3868 522 3922; x_wconf 83' lang='lat'><strong>386</strong></span> 
     </span>
    </p>
   </div>
   <div class='ocr_carea' id='block_1_12' title="bbox 419 4078 519 4130">
    <p class='ocr_par' dir='ltr' id='par_1_12' title="bbox 419 4078 519 4130">
     <span class='ocr_line' id='line_1_14' title="bbox 419 4078 519 4130; baseline -0.02 0"><span class='ocrx_word' id='word_1_15' title='bbox 419 4078 519 4130; x_wconf 84' lang='lat'><strong>387</strong></span> 
     </span>
    </p>
   </div>
   <div class='ocr_carea' id='block_1_13' title="bbox 420 4286 521 4340">
    <p class='ocr_par' dir='ltr' id='par_1_13' title="bbox 420 4286 521 4340">
     <span class='ocr_line' id='line_1_15' title="bbox 420 4286 521 4340; baseline 0 0"><span class='ocrx_word' id='word_1_16' title='bbox 420 4286 521 4340; x_wconf 88' lang='lat'><strong>388</strong></span> 
     </span>
    </p>
   </div>
   <div class='ocr_carea' id='block_1_14' title="bbox 582 378 2055 435">
    <p class='ocr_par' dir='ltr' id='par_1_14' title="bbox 582 378 2055 435">
     <span class='ocr_line' id='line_1_16' title="bbox 582 378 2055 435; baseline -0.005 0"><span class='ocrx_word' id='word_1_17' title='bbox 582 378 651 435; x_wconf 82' lang='grc'><strong>78</strong></span> <span class='ocrx_word' id='word_1_18' title='bbox 1615 379 2055 429; x_wconf 72' lang='lat' dir='ltr'><strong>Scrofulariaceae.</strong></span> 
     </span>
    </p>
   </div>
   <div class='ocr_carea' id='block_1_15' title="bbox 582 548 3124 720">
    <p class='ocr_par' dir='ltr' id='par_1_15' title="bbox 582 548 3124 720">
     <span class='ocr_line' id='line_1_17' title="bbox 756 548 3124 631; baseline -0.003 -17"><span class='ocrx_word' id='word_1_19' title='bbox 756 552 1206 630; x_wconf 73' lang='lat' dir='ltr'><strong>Hyosciamus</strong></span> <span class='ocrx_word' id='word_1_20' title='bbox 1265 552 1488 615; x_wconf 73' lang='lat' dir='ltr'><strong>albus,</strong></span> <span class='ocrx_word' id='word_1_21' title='bbox 1592 551 1770 613; x_wconf 80' lang='lat' dir='ltr'><strong>Addo</strong></span> <span class='ocrx_word' id='word_1_22' title='bbox 1829 551 1992 613; x_wconf 88' lang='lat' dir='ltr'><strong>loca:</strong></span> <span class='ocrx_word' id='word_1_23' title='bbox 2066 549 2398 631; x_wconf 79' lang='lat' dir='ltr'><strong>Cycladum</strong></span> <span class='ocrx_word' id='word_1_24' title='bbox 2457 550 2567 611; x_wconf 80' lang='lat' dir='ltr'><strong>ins,</strong></span> <span class='ocrx_word' id='word_1_25' title='bbox 2633 548 3124 628; x_wconf 78' lang='lat' dir='ltr'><strong>Pholegandros</strong></span> 
     </span>
     <span class='ocr_line' id='line_1_18' title="bbox 582 637 1826 720; baseline -0.002 -18"><span class='ocrx_word' id='word_1_26' title='bbox 582 640 859 720; x_wconf 80' lang='lat' dir='ltr'><strong>(Bretzl);</strong></span> <span class='ocrx_word' id='word_1_27' title='bbox 906 641 1110 703; x_wconf 85' lang='lat' dir='ltr'><strong>Creta:</strong></span> <span class='ocrx_word' id='word_1_28' title='bbox 1158 650 1258 702; x_wconf 85' lang='lat' dir='ltr'><strong>mt.</strong></span> <span class='ocrx_word' id='word_1_29' title='bbox 1310 640 1527 701; x_wconf 83' lang='lat' dir='ltr'><strong>Lassiti</strong></span> <span class='ocrx_word' id='word_1_30' title='bbox 1586 637 1826 717; x_wconf 88' lang='lat' dir='ltr'><strong>(Bald.).</strong></span> 
     </span>
    </p>
   </div>
   <div class='ocr_carea' id='block_1_16' title="bbox 585 756 3122 926">
    <p class='ocr_par' dir='ltr' id='par_1_16' title="bbox 585 756 3122 926">
     <span class='ocr_line' id='line_1_19' title="bbox 754 756 3122 837; baseline -0.003 -16"><span class='ocrx_word' id='word_1_31' title='bbox 754 758 1102 821; x_wconf 81' lang='lat' dir='ltr'><strong>Withania</strong></span> <span class='ocrx_word' id='word_1_32' title='bbox 1148 758 1545 821; x_wconf 77' lang='lat' dir='ltr'><strong>somnifera.</strong></span> <span class='ocrx_word' id='word_1_33' title='bbox 1638 757 1812 820; x_wconf 85' lang='lat' dir='ltr'><strong>Adde</strong></span> <span class='ocrx_word' id='word_1_34' title='bbox 1855 757 2079 819; x_wconf 90' lang='lat' dir='ltr'><strong>locum:</strong></span> <span class='ocrx_word' id='word_1_35' title='bbox 2139 757 2343 818; x_wconf 82' lang='lat' dir='ltr'><strong>Creta:</strong></span> <span class='ocrx_word' id='word_1_36' title='bbox 2405 756 2485 817; x_wconf 88' lang='lat' dir='ltr'><strong>ad</strong></span> <span class='ocrx_word' id='word_1_37' title='bbox 2528 756 2862 837; x_wconf 83' lang='lat' dir='ltr'><strong>Ampelusa</strong></span> <span class='ocrx_word' id='word_1_38' title='bbox 2923 757 3122 817; x_wconf 72' lang='lat' dir='ltr'><strong>distr.</strong></span> 
     </span>
     <span class='ocr_line' id='line_1_20' title="bbox 585 845 1128 926; baseline -0.002 -18"><span class='ocrx_word' id='word_1_39' title='bbox 585 845 847 909; x_wconf 78' lang='lat' dir='ltr'><strong>Kastelli</strong></span> <span class='ocrx_word' id='word_1_40' title='bbox 892 846 1128 926; x_wconf 83' lang='lat' dir='ltr'><strong>(Bald.).</strong></span> 
     </span>
    </p>
   </div>
   <div class='ocr_carea' id='block_1_17' title="bbox 583 963 3122 1133">
    <p class='ocr_par' dir='ltr' id='par_1_17' title="bbox 583 963 3122 1133">
     <span class='ocr_line' id='line_1_21' title="bbox 760 963 3122 1045; baseline -0.003 -16"><span class='ocrx_word' id='word_1_41' title='bbox 760 966 1214 1045; x_wconf 78' lang='lat' dir='ltr'><strong>Mandragora</strong></span> <span class='ocrx_word' id='word_1_42' title='bbox 1253 966 1708 1033; x_wconf 77' lang='lat' dir='ltr'><strong>officinarum.</strong></span> <span class='ocrx_word' id='word_1_43' title='bbox 1770 966 1948 1026; x_wconf 84' lang='lat' dir='ltr'>Adde</span> <span class='ocrx_word' id='word_1_44' title='bbox 1969 964 2128 1027; x_wconf 89' lang='lat' dir='ltr'><strong>loca:</strong></span> <span class='ocrx_word' id='word_1_45' title='bbox 2175 963 2502 1045; x_wconf 83' lang='lat' dir='ltr'><strong>Cycladum</strong></span> <span class='ocrx_word' id='word_1_46' title='bbox 2523 964 2748 1025; x_wconf 83' lang='lat' dir='ltr'><strong>insula:</strong></span> <span class='ocrx_word' id='word_1_47' title='bbox 2795 964 3122 1043; x_wconf 78' lang='lat' dir='ltr'><strong>cythnos,</strong></span> 
     </span>
     <span class='ocr_line' id='line_1_22' title="bbox 583 1055 1113 1133; baseline 0 -18"><span class='ocrx_word' id='word_1_48' title='bbox 583 1055 770 1116; x_wconf 88' lang='lat' dir='ltr'><strong>Delos</strong></span> <span class='ocrx_word' id='word_1_49' title='bbox 814 1055 1113 1133; x_wconf 75' lang='lat' dir='ltr'><strong>(Tantas).</strong></span> 
     </span>
    </p>
   </div>
   <div class='ocr_carea' id='block_1_18' title="bbox 584 1171 3117 1341">
    <p class='ocr_par' dir='ltr' id='par_1_18' title="bbox 584 1171 3117 1341">
     <span class='ocr_line' id='line_1_23' title="bbox 604 1171 3117 1341; baseline -0.001 -106"><span class='ocrx_word' id='word_1_50' title='bbox 604 1262 657 1323; x_wconf 80' lang='grc' dir='ltr'>Τ</span> <span class='ocrx_word' id='word_1_51' title='bbox 760 1174 1211 1341; x_wconf 42' lang='lat' dir='ltr'><strong>mandragora</strong></span> <span class='ocrx_word' id='word_1_52' title='bbox 1241 1171 1802 1237; x_wconf 79' lang='lat' dir='ltr'><strong>Haussknechtii.</strong></span> <span class='ocrx_word' id='word_1_53' title='bbox 1845 1172 2024 1233; x_wconf 87' lang='lat' dir='ltr'><strong>Adde</strong></span> <span class='ocrx_word' id='word_1_54' title='bbox 2053 1171 2274 1233; x_wconf 89' lang='lat' dir='ltr'><strong>locum:</strong></span> <span class='ocrx_word' id='word_1_55' title='bbox 2322 1171 2650 1252; x_wconf 78' lang='lat' dir='ltr'><strong>Cycladum</strong></span> <span class='ocrx_word' id='word_1_56' title='bbox 2677 1172 2788 1233; x_wconf 86' lang='lat' dir='ltr'><strong>ins.</strong></span> <span class='ocrx_word' id='word_1_57' title='bbox 2813 1171 3117 1251; x_wconf 85' lang='lat' dir='ltr'><strong>Cythnos</strong></span> 
     </span>
     <span class='ocr_line' id='line_1_24' title="bbox 584 1272 875 1339; baseline 0 -16"><span class='ocrx_word' id='word_1_58' title='bbox 584 1272 603 1339; x_wconf 88' lang='lat'>(</span> <span class='ocrx_word' id='word_1_59' title='bbox 658 1273 835 1323; x_wconf 86' lang='lat' dir='ltr'><strong>untas</strong></span> <span class='ocrx_word' id='word_1_60' title='bbox 862 1310 875 1323; x_wconf 88' lang='lat'><strong><em>.</em></strong></span> 
     </span>
    </p>
   </div>
   <div class='ocr_carea' id='block_1_19' title="bbox 584 1378 3114 1549">
    <p class='ocr_par' dir='ltr' id='par_1_19' title="bbox 584 1378 3114 1549">
     <span class='ocr_line' id='line_1_25' title="bbox 758 1378 3114 1461; baseline -0.002 -18"><span class='ocrx_word' id='word_1_61' title='bbox 758 1383 1213 1461; x_wconf 65' lang='lat' dir='ltr'><strong>mandragora</strong></span> <span class='ocrx_word' id='word_1_62' title='bbox 1257 1382 1704 1444; x_wconf 73' lang='lat' dir='ltr'><strong>autumnalis.</strong></span> <span class='ocrx_word' id='word_1_63' title='bbox 1792 1382 1972 1443; x_wconf 86' lang='lat' dir='ltr'><strong>Adde</strong></span> <span class='ocrx_word' id='word_1_64' title='bbox 2015 1382 2170 1443; x_wconf 85' lang='lat' dir='ltr'><strong>loca:</strong></span> <span class='ocrx_word' id='word_1_65' title='bbox 2219 1382 2589 1443; x_wconf 78' lang='lat' dir='ltr'><strong>Acarnania:</strong></span> <span class='ocrx_word' id='word_1_66' title='bbox 2647 1400 2734 1459; x_wconf 90' lang='lat' dir='ltr'><strong>pr.</strong></span> <span class='ocrx_word' id='word_1_67' title='bbox 2781 1378 3114 1441; x_wconf 85' lang='lat' dir='ltr'><strong>Karavas-</strong></span> 
     </span>
     <span class='ocr_line' id='line_1_26' title="bbox 584 1469 1662 1549; baseline 0 -18"><span class='ocrx_word' id='word_1_68' title='bbox 584 1490 748 1531; x_wconf 88' lang='lat' dir='ltr'><strong>saras</strong></span> <span class='ocrx_word' id='word_1_69' title='bbox 792 1470 1062 1549; x_wconf 85' lang='lat' dir='ltr'><strong>(Maire);</strong></span> <span class='ocrx_word' id='word_1_70' title='bbox 1112 1470 1352 1549; x_wconf 84' lang='lat' dir='ltr'>Argolis</span> <span class='ocrx_word' id='word_1_71' title='bbox 1396 1469 1662 1549; x_wconf 86' lang='lat' dir='ltr'><strong>(Bretzl).</strong></span> 
     </span>
    </p>
   </div>
   <div class='ocr_carea' id='block_1_20' title="bbox 584 1586 3112 1758">
    <p class='ocr_par' dir='ltr' id='par_1_20' title="bbox 584 1586 3112 1758">
     <span class='ocr_line' id='line_1_27' title="bbox 760 1586 3112 1669; baseline -0.002 -18"><span class='ocrx_word' id='word_1_72' title='bbox 760 1590 1036 1668; x_wconf 82' lang='lat' dir='ltr'><strong>Lycium</strong></span> <span class='ocrx_word' id='word_1_73' title='bbox 1084 1607 1519 1664; x_wconf 81' lang='lat' dir='ltr'><strong>europacum.</strong></span> <span class='ocrx_word' id='word_1_74' title='bbox 1573 1590 1746 1651; x_wconf 87' lang='lat' dir='ltr'><strong>Adde</strong></span> <span class='ocrx_word' id='word_1_75' title='bbox 1775 1589 1930 1651; x_wconf 82' lang='lat' dir='ltr'><strong>loca:</strong></span> <span class='ocrx_word' id='word_1_76' title='bbox 1978 1588 2251 1669; x_wconf 83' lang='lat' dir='ltr'>Argolis:</span> <span class='ocrx_word' id='word_1_77' title='bbox 2299 1609 2386 1669; x_wconf 86' lang='lat' dir='ltr'><strong>pr.</strong></span> <span class='ocrx_word' id='word_1_78' title='bbox 2416 1588 2772 1668; x_wconf 83' lang='lat' dir='ltr'><strong>Tyrinthum</strong></span> <span class='ocrx_word' id='word_1_79' title='bbox 2807 1586 3112 1665; x_wconf 79' lang='lat' dir='ltr'><strong>(Bretzl);</strong></span> 
     </span>
     <span class='ocr_line' id='line_1_28' title="bbox 584 1676 1864 1758; baseline -0.002 -19"><span class='ocrx_word' id='word_1_80' title='bbox 584 1677 911 1757; x_wconf 87' lang='lat' dir='ltr'><strong>Cycladum</strong></span> <span class='ocrx_word' id='word_1_81' title='bbox 958 1680 1067 1739; x_wconf 77' lang='lat' dir='ltr'><strong>ins,</strong></span> <span class='ocrx_word' id='word_1_82' title='bbox 1112 1678 1558 1758; x_wconf 82' lang='lat' dir='ltr'><strong>Pholegandros</strong></span> <span class='ocrx_word' id='word_1_83' title='bbox 1598 1676 1864 1755; x_wconf 74' lang='lat' dir='ltr'><strong>(Bretzl).</strong></span> 
     </span>
    </p>
   </div>
   <div class='ocr_carea' id='block_1_21' title="bbox 585 1794 3114 1963">
    <p class='ocr_par' dir='ltr' id='par_1_21' title="bbox 585 1794 3114 1963">
     <span class='ocr_line' id='line_1_29' title="bbox 585 1794 3114 1963; baseline -0.002 -104"><span class='ocrx_word' id='word_1_84' title='bbox 585 1797 1077 1963; x_wconf 38' lang='lat' dir='ltr'><strong>(Heldsglanum</strong></span> <span class='ocrx_word' id='word_1_85' title='bbox 1146 1796 1657 1860; x_wconf 75' lang='lat' dir='ltr'><strong>sufrut-icosum.</strong></span> <span class='ocrx_word' id='word_1_86' title='bbox 1750 1796 1928 1857; x_wconf 86' lang='lat' dir='ltr'><strong>Adde</strong></span> <span class='ocrx_word' id='word_1_87' title='bbox 1998 1796 2223 1857; x_wconf 88' lang='lat' dir='ltr'><strong>locum:</strong></span> <span class='ocrx_word' id='word_1_88' title='bbox 2300 1794 2627 1876; x_wconf 80' lang='lat' dir='ltr'><strong>Cycladum</strong></span> <span class='ocrx_word' id='word_1_89' title='bbox 2701 1796 2813 1854; x_wconf 78' lang='lat' dir='ltr'><strong>ine.</strong></span> <span class='ocrx_word' id='word_1_90' title='bbox 2891 1794 3114 1855; x_wconf 82' lang='lat' dir='ltr'><strong>Tenos</strong></span> 
     </span>
     <span class='ocr_line' id='line_1_30' title="bbox 778 1906 869 1945; baseline 0 0"><span class='ocrx_word' id='word_1_91' title='bbox 778 1906 869 1945; x_wconf 89' lang='lat' dir='ltr'><strong>r..</strong></span> 
     </span>
    </p>
   </div>
   <div class='ocr_carea' id='block_1_22' title="bbox 1072 2070 2578 2150">
    <p class='ocr_par' dir='ltr' id='par_1_22' title="bbox 1072 2070 2578 2150">
     <span class='ocr_line' id='line_1_31' title="bbox 1072 2070 2578 2150; baseline 0 -3"><span class='ocrx_word' id='word_1_92' title='bbox 1072 2074 1474 2149; x_wconf 88' lang='lat' dir='ltr'>LXXXII.</span> <span class='ocrx_word' id='word_1_93' title='bbox 1534 2070 1766 2148; x_wconf 90' lang='lat' dir='ltr'><strong>Ordo.</strong></span> <span class='ocrx_word' id='word_1_94' title='bbox 1823 2070 2578 2150; x_wconf 78' lang='lat' dir='ltr'><strong>Scrofulariaceae.</strong></span> 
     </span>
    </p>
   </div>
   <div class='ocr_carea' id='block_1_23' title="bbox 590 2226 3108 2401">
    <p class='ocr_par' dir='ltr' id='par_1_23' title="bbox 590 2226 3108 2401">
     <span class='ocr_line' id='line_1_32' title="bbox 590 2226 3108 2401; baseline -0.002 -109"><span class='ocrx_word' id='word_1_95' title='bbox 590 2318 681 2401; x_wconf 72' lang='grc' dir='ltr'><strong>(Μ</strong></span> <span class='ocrx_word' id='word_1_96' title='bbox 725 2231 1177 2397; x_wconf 44' lang='lat' dir='ltr'><strong>·V)erbascum</strong></span> <span class='ocrx_word' id='word_1_97' title='bbox 1234 2246 1644 2291; x_wconf 84' lang='lat' dir='ltr'><strong>macrurum.</strong></span> <span class='ocrx_word' id='word_1_98' title='bbox 1725 2227 1911 2295; x_wconf 77' lang='lat' dir='ltr'><strong>,Adde</strong></span> <span class='ocrx_word' id='word_1_99' title='bbox 1976 2228 2196 2291; x_wconf 90' lang='lat' dir='ltr'><strong>locum:</strong></span> <span class='ocrx_word' id='word_1_100' title='bbox 2269 2228 2555 2288; x_wconf 81' lang='lat' dir='ltr'><strong>Laconia:</strong></span> <span class='ocrx_word' id='word_1_101' title='bbox 2627 2236 2728 2287; x_wconf 82' lang='lat' dir='ltr'><strong>mt.</strong></span> <span class='ocrx_word' id='word_1_102' title='bbox 2788 2226 3108 2306; x_wconf 79' lang='lat' dir='ltr'><strong>Taygetos</strong></span> 
     </span>
     <span class='ocr_line' id='line_1_33' title="bbox 684 2340 843 2379; baseline 0 0"><span class='ocrx_word' id='word_1_103' title='bbox 684 2340 802 2379; x_wconf 76' lang='lat' dir='ltr'><strong>alre</strong></span> <span class='ocrx_word' id='word_1_104' title='bbox 830 2365 843 2379; x_wconf 87' lang='lat'><strong><em>.</em></strong></span> 
     </span>
    </p>
   </div>
   <div class='ocr_carea' id='block_1_24' title="bbox 764 2434 3104 2515">
    <p class='ocr_par' dir='ltr' id='par_1_24' title="bbox 764 2434 3104 2515">
     <span class='ocr_line' id='line_1_34' title="bbox 764 2434 3104 2515; baseline -0.003 -15"><span class='ocrx_word' id='word_1_105' title='bbox 764 2438 1177 2500; x_wconf 69' lang='lat' dir='ltr'><strong>verbascum</strong></span> <span class='ocrx_word' id='word_1_106' title='bbox 1224 2436 1530 2498; x_wconf 75' lang='lat' dir='ltr'><strong>Sal-terii.</strong></span> <span class='ocrx_word' id='word_1_107' title='bbox 1581 2435 1755 2496; x_wconf 90' lang='lat' dir='ltr'><strong>Adde</strong></span> <span class='ocrx_word' id='word_1_108' title='bbox 1783 2435 2011 2497; x_wconf 89' lang='lat' dir='ltr'><strong>locum:</strong></span> <span class='ocrx_word' id='word_1_109' title='bbox 2059 2435 2386 2515; x_wconf 86' lang='lat' dir='ltr'><strong>Cycladum</strong></span> <span class='ocrx_word' id='word_1_110' title='bbox 2433 2436 2544 2495; x_wconf 86' lang='lat' dir='ltr'><strong>ins.</strong></span> <span class='ocrx_word' id='word_1_111' title='bbox 2573 2435 2770 2495; x_wconf 84' lang='lat' dir='ltr'><strong>Tenos</strong></span> <span class='ocrx_word' id='word_1_112' title='bbox 2809 2434 3104 2514; x_wconf 87' lang='lat' dir='ltr'><strong>(Heldr.).</strong></span> 
     </span>
    </p>
   </div>
   <div class='ocr_carea' id='block_1_25' title="bbox 588 2573 3108 3005">
    <p class='ocr_par' dir='ltr' id='par_1_25' title="bbox 588 2573 3108 3005">
     <span class='ocr_line' id='line_1_35' title="bbox 764 2573 3108 2658; baseline -0.001 -21"><span class='ocrx_word' id='word_1_113' title='bbox 764 2575 1175 2638; x_wconf 63' lang='lat' dir='ltr'><strong>verbascum</strong></span> <span class='ocrx_word' id='word_1_114' title='bbox 1222 2575 1762 2649; x_wconf 78' lang='lat' dir='ltr'><strong>epixanthinum.</strong></span> <span class='ocrx_word' id='word_1_115' title='bbox 1810 2577 1982 2636; x_wconf 82' lang='lat' dir='ltr'><strong>Muta</strong></span> <span class='ocrx_word' id='word_1_116' title='bbox 2027 2597 2244 2637; x_wconf 90' lang='lat' dir='ltr'><strong>nomen</strong></span> <span class='ocrx_word' id='word_1_117' title='bbox 2291 2577 2354 2636; x_wconf 88' lang='lat' dir='ltr'><strong>in</strong></span> <span class='ocrx_word' id='word_1_118' title='bbox 2412 2575 2482 2640; x_wconf 89' lang='lat' dir='ltr'><strong>V.</strong></span> <span class='ocrx_word' id='word_1_119' title='bbox 2521 2573 2988 2658; x_wconf 63' lang='lat' dir='ltr'><strong>parnas-sicum</strong></span> <span class='ocrx_word' id='word_1_120' title='bbox 3039 2587 3108 2636; x_wconf 87' lang='lat' dir='ltr'><strong>et</strong></span> 
     </span>
     <span class='ocr_line' id='line_1_36' title="bbox 588 2663 3102 2744; baseline -0 -21"><span class='ocrx_word' id='word_1_121' title='bbox 588 2663 739 2724; x_wconf 88' lang='lat' dir='ltr'><strong>adde</strong></span> <span class='ocrx_word' id='word_1_122' title='bbox 785 2684 1181 2742; x_wconf 83' lang='lat' dir='ltr'><strong>synonymum</strong></span> <span class='ocrx_word' id='word_1_123' title='bbox 1234 2663 1307 2727; x_wconf 88' lang='lat' dir='ltr'><strong>V.</strong></span> <span class='ocrx_word' id='word_1_124' title='bbox 1344 2663 1837 2744; x_wconf 71' lang='lat' dir='ltr'><strong>epixanthinum</strong></span> <span class='ocrx_word' id='word_1_125' title='bbox 1867 2663 2028 2726; x_wconf 82' lang='lat' dir='ltr'><strong>Bois,</strong></span> <span class='ocrx_word' id='word_1_126' title='bbox 2075 2663 2141 2724; x_wconf 90' lang='lat' dir='ltr'><strong>fl.</strong></span> <span class='ocrx_word' id='word_1_127' title='bbox 2188 2684 2269 2724; x_wconf 89' lang='lat' dir='ltr'><strong>or.</strong></span> <span class='ocrx_word' id='word_1_128' title='bbox 2303 2663 2417 2728; x_wconf 93' lang='lat' dir='ltr'><strong>IV.</strong></span> <span class='ocrx_word' id='word_1_129' title='bbox 2467 2684 2522 2742; x_wconf 92' lang='lat' dir='ltr'><strong>p.</strong></span> <span class='ocrx_word' id='word_1_130' title='bbox 2572 2667 2698 2726; x_wconf 86' lang='lat'><strong>304</strong></span> <span class='ocrx_word' id='word_1_131' title='bbox 2743 2683 2851 2741; x_wconf 90' lang='lat' dir='ltr'><strong>pro</strong></span> <span class='ocrx_word' id='word_1_132' title='bbox 2885 2673 3102 2742; x_wconf 75' lang='lat' dir='ltr'><strong>parte3</strong></span> 
     </span>
     <span class='ocr_line' id='line_1_37' title="bbox 590 2749 3100 2830; baseline -0 -21"><span class='ocrx_word' id='word_1_133' title='bbox 590 2770 710 2810; x_wconf 90' lang='lat' dir='ltr'><strong>non</strong></span> <span class='ocrx_word' id='word_1_134' title='bbox 756 2749 911 2810; x_wconf 78' lang='lat' dir='ltr'><strong>Bois,</strong></span> <span class='ocrx_word' id='word_1_135' title='bbox 954 2760 1015 2810; x_wconf 91' lang='lat' dir='ltr'><strong>et</strong></span> <span class='ocrx_word' id='word_1_136' title='bbox 1059 2749 1270 2811; x_wconf 88' lang='lat' dir='ltr'><strong>Heldr.</strong></span> <span class='ocrx_word' id='word_1_137' title='bbox 1316 2749 1467 2829; x_wconf 78' lang='lat' dir='ltr'><strong>diag.</strong></span> <span class='ocrx_word' id='word_1_138' title='bbox 1514 2750 1666 2814; x_wconf 93' lang='lat' dir='ltr'><strong>VII.</strong></span> <span class='ocrx_word' id='word_1_139' title='bbox 1713 2771 1768 2830; x_wconf 91' lang='lat' dir='ltr'><strong>p.</strong></span> <span class='ocrx_word' id='word_1_140' title='bbox 1817 2755 1914 2822; x_wconf 86' lang='lat'><strong>24,</strong></span> <span class='ocrx_word' id='word_1_141' title='bbox 1974 2769 2116 2810; x_wconf 88' lang='lat' dir='ltr'><strong>nam</strong></span> <span class='ocrx_word' id='word_1_142' title='bbox 2162 2749 2272 2810; x_wconf 93' lang='lat' dir='ltr'><strong>hoc</strong></span> <span class='ocrx_word' id='word_1_143' title='bbox 2317 2749 2376 2808; x_wconf 89' lang='lat' dir='ltr'><strong>in</strong></span> <span class='ocrx_word' id='word_1_144' title='bbox 2439 2759 2545 2810; x_wconf 88' lang='lat' dir='ltr'><strong>mt.</strong></span> <span class='ocrx_word' id='word_1_145' title='bbox 2589 2750 2888 2830; x_wconf 82' lang='lat' dir='ltr'><strong>Taygetos</strong></span> <span class='ocrx_word' id='word_1_146' title='bbox 2955 2761 3100 2808; x_wconf 84' lang='lat' dir='ltr'><strong>tan-</strong></span> 
     </span>
     <span class='ocr_line' id='line_1_38' title="bbox 588 2835 3100 2917; baseline -0 -22"><span class='ocrx_word' id='word_1_147' title='bbox 588 2847 713 2896; x_wconf 88' lang='lat' dir='ltr'><strong>tum</strong></span> <span class='ocrx_word' id='word_1_148' title='bbox 759 2837 967 2897; x_wconf 86' lang='lat' dir='ltr'><strong>crescit</strong></span> <span class='ocrx_word' id='word_1_149' title='bbox 1010 2847 1069 2897; x_wconf 85' lang='lat' dir='ltr'><strong>et</strong></span> <span class='ocrx_word' id='word_1_150' title='bbox 1112 2846 1265 2898; x_wconf 87' lang='lat' dir='ltr'><strong>certe</strong></span> <span class='ocrx_word' id='word_1_151' title='bbox 1307 2837 1511 2897; x_wconf 87' lang='lat' dir='ltr'><strong>eadem</strong></span> <span class='ocrx_word' id='word_1_152' title='bbox 1558 2839 1796 2916; x_wconf 88' lang='lat' dir='ltr'><strong>species,</strong></span> <span class='ocrx_word' id='word_1_153' title='bbox 1843 2856 1996 2917; x_wconf 87' lang='lat' dir='ltr'><strong>quae</strong></span> <span class='ocrx_word' id='word_1_154' title='bbox 2041 2839 2101 2896; x_wconf 90' lang='lat' dir='ltr'><strong>in</strong></span> <span class='ocrx_word' id='word_1_155' title='bbox 2149 2837 2372 2916; x_wconf 85' lang='lat' dir='ltr'><strong>Consp.</strong></span> <span class='ocrx_word' id='word_1_156' title='bbox 2419 2836 2504 2896; x_wconf 88' lang='grc' dir='ltr'><strong>ΙΙ.</strong></span> <span class='ocrx_word' id='word_1_157' title='bbox 2567 2858 2621 2916; x_wconf 88' lang='lat' dir='ltr'><strong>p.</strong></span> <span class='ocrx_word' id='word_1_158' title='bbox 2671 2840 2796 2899; x_wconf 88' lang='grc'><strong>380</strong></span> <span class='ocrx_word' id='word_1_159' title='bbox 2843 2835 3100 2896; x_wconf 85' lang='lat' dir='ltr'><strong>nomine</strong></span> 
     </span>
     <span class='ocr_line' id='line_1_39' title="bbox 604 2922 1514 3005; baseline -0.002 -19"><span class='ocrx_word' id='word_1_160' title='bbox 604 2922 672 2986; x_wconf 87' lang='lat' dir='ltr'><strong>V.</strong></span> <span class='ocrx_word' id='word_1_161' title='bbox 723 2928 1071 3005; x_wconf 71' lang='lat' dir='ltr'><strong>tayyeteum</strong></span> <span class='ocrx_word' id='word_1_162' title='bbox 1118 2932 1514 2984; x_wconf 78' lang='lat' dir='ltr'><strong>enumeratur.</strong></span> 
     </span>
    </p>
   </div>
   <div class='ocr_carea' id='block_1_26' title="bbox 590 3040 3098 3296">
    <p class='ocr_par' dir='ltr' id='par_1_26' title="bbox 590 3040 3098 3296">
     <span class='ocr_line' id='line_1_40' title="bbox 762 3040 3096 3124; baseline -0 -19"><span class='ocrx_word' id='word_1_163' title='bbox 762 3043 1176 3105; x_wconf 64' lang='lat' dir='ltr'><strong>verbascum</strong></span> <span class='ocrx_word' id='word_1_164' title='bbox 1222 3046 1638 3120; x_wconf 78' lang='lat' dir='ltr'><strong>taygetcum.</strong></span> <span class='ocrx_word' id='word_1_165' title='bbox 1697 3044 1873 3104; x_wconf 82' lang='lat' dir='ltr'><strong>Muta</strong></span> <span class='ocrx_word' id='word_1_166' title='bbox 1917 3065 2130 3104; x_wconf 88' lang='lat' dir='ltr'><strong>nomen</strong></span> <span class='ocrx_word' id='word_1_167' title='bbox 2175 3044 2238 3102; x_wconf 83' lang='lat' dir='ltr'><strong>in</strong></span> <span class='ocrx_word' id='word_1_168' title='bbox 2283 3042 2354 3106; x_wconf 91' lang='lat' dir='ltr'><strong>V.</strong></span> <span class='ocrx_word' id='word_1_169' title='bbox 2391 3040 2880 3124; x_wconf 77' lang='lat' dir='ltr'><strong>epioeanthinum</strong></span> <span class='ocrx_word' id='word_1_170' title='bbox 2926 3041 3096 3104; x_wconf 74' lang='grc' dir='ltr'><strong>Βοίε.</strong></span> 
     </span>
     <span class='ocr_line' id='line_1_41' title="bbox 590 3129 3098 3209; baseline 0 -19"><span class='ocrx_word' id='word_1_171' title='bbox 590 3142 648 3190; x_wconf 88' lang='lat' dir='ltr'><strong>et</strong></span> <span class='ocrx_word' id='word_1_172' title='bbox 694 3129 903 3190; x_wconf 89' lang='lat' dir='ltr'><strong>Heldr.</strong></span> <span class='ocrx_word' id='word_1_173' title='bbox 950 3131 1144 3209; x_wconf 84' lang='lat' dir='ltr'><strong>diagn.</strong></span> <span class='ocrx_word' id='word_1_174' title='bbox 1190 3130 1339 3192; x_wconf 93' lang='lat' dir='ltr'><strong>VII.</strong></span> <span class='ocrx_word' id='word_1_175' title='bbox 1386 3151 1443 3209; x_wconf 92' lang='lat' dir='ltr'><strong>p.</strong></span> <span class='ocrx_word' id='word_1_176' title='bbox 1495 3136 1609 3203; x_wconf 78' lang='lat'><strong>24:</strong></span> <span class='ocrx_word' id='word_1_177' title='bbox 1656 3131 1759 3190; x_wconf 85' lang='lat' dir='ltr'><strong>sed</strong></span> <span class='ocrx_word' id='word_1_178' title='bbox 1807 3129 1962 3193; x_wconf 83' lang='lat' dir='ltr'><strong>Bois,</strong></span> <span class='ocrx_word' id='word_1_179' title='bbox 2011 3129 2078 3189; x_wconf 84' lang='lat' dir='ltr'><strong>fl.</strong></span> <span class='ocrx_word' id='word_1_180' title='bbox 2124 3150 2204 3190; x_wconf 87' lang='lat' dir='ltr'><strong>or.</strong></span> <span class='ocrx_word' id='word_1_181' title='bbox 2251 3129 2382 3190; x_wconf 89' lang='lat' dir='ltr'><strong>IV..</strong></span> <span class='ocrx_word' id='word_1_182' title='bbox 2412 3150 2469 3209; x_wconf 91' lang='lat' dir='ltr'><strong>p.</strong></span> <span class='ocrx_word' id='word_1_183' title='bbox 2521 3134 2645 3192; x_wconf 83' lang='lat'><strong>304</strong></span> <span class='ocrx_word' id='word_1_184' title='bbox 2691 3139 2930 3189; x_wconf 87' lang='lat' dir='ltr'><strong>tantum</strong></span> <span class='ocrx_word' id='word_1_185' title='bbox 2977 3150 3098 3209; x_wconf 91' lang='lat' dir='ltr'><strong>pro</strong></span> 
     </span>
     <span class='ocr_line' id='line_1_42' title="bbox 590 3217 1722 3296; baseline -0.001 -19"><span class='ocrx_word' id='word_1_186' title='bbox 590 3227 769 3296; x_wconf 84' lang='lat' dir='ltr'><strong>parte,</strong></span> <span class='ocrx_word' id='word_1_187' title='bbox 817 3217 1008 3296; x_wconf 88' lang='lat' dir='ltr'><strong>quoad</strong></span> <span class='ocrx_word' id='word_1_188' title='bbox 1057 3217 1325 3295; x_wconf 82' lang='lat' dir='ltr'><strong>plantam</strong></span> <span class='ocrx_word' id='word_1_189' title='bbox 1372 3226 1722 3296; x_wconf 85' lang='lat' dir='ltr'><strong>taygeteam.</strong></span> 
     </span>
    </p>
   </div>
   <div class='ocr_carea' id='block_1_27' title="bbox 588 3353 3097 3523">
    <p class='ocr_par' dir='ltr' id='par_1_27' title="bbox 588 3353 3097 3523">
     <span class='ocr_line' id='line_1_43' title="bbox 763 3353 3097 3434; baseline -0 -17"><span class='ocrx_word' id='word_1_190' title='bbox 763 3355 1181 3417; x_wconf 71' lang='lat' dir='ltr'><strong>verbascum</strong></span> <span class='ocrx_word' id='word_1_191' title='bbox 1213 3354 1643 3416; x_wconf 77' lang='lat' dir='ltr'><strong>undulatam.</strong></span> <span class='ocrx_word' id='word_1_192' title='bbox 1718 3356 1896 3417; x_wconf 87' lang='lat' dir='ltr'><strong>Adde</strong></span> <span class='ocrx_word' id='word_1_193' title='bbox 1941 3355 2098 3415; x_wconf 85' lang='lat' dir='ltr'><strong>loca:</strong></span> <span class='ocrx_word' id='word_1_194' title='bbox 2145 3354 2388 3416; x_wconf 85' lang='lat' dir='ltr'><strong>Phocis:</strong></span> <span class='ocrx_word' id='word_1_195' title='bbox 2435 3375 2522 3434; x_wconf 89' lang='lat' dir='ltr'><strong>pr.</strong></span> <span class='ocrx_word' id='word_1_196' title='bbox 2555 3353 2782 3434; x_wconf 81' lang='lat' dir='ltr'><strong>Delphi</strong></span> <span class='ocrx_word' id='word_1_197' title='bbox 2827 3355 3097 3430; x_wconf 65' lang='lat' dir='ltr'><strong>(Mairek</strong></span> 
     </span>
     <span class='ocr_line' id='line_1_44' title="bbox 588 3439 3094 3523; baseline 0.002 -21"><span class='ocrx_word' id='word_1_198' title='bbox 588 3441 861 3502; x_wconf 85' lang='lat' dir='ltr'><strong>Euboea:</strong></span> <span class='ocrx_word' id='word_1_199' title='bbox 906 3463 990 3521; x_wconf 90' lang='lat' dir='ltr'><strong>pr.</strong></span> <span class='ocrx_word' id='word_1_200' title='bbox 1038 3441 1284 3504; x_wconf 86' lang='lat' dir='ltr'><strong>Chalkis</strong></span> <span class='ocrx_word' id='word_1_201' title='bbox 1329 3443 1689 3520; x_wconf 87' lang='lat' dir='ltr'><strong>(Adamov.).</strong></span> <span class='ocrx_word' id='word_1_202' title='bbox 1765 3442 1882 3502; x_wconf 90' lang='lat' dir='ltr'><strong>Pro</strong></span> <span class='ocrx_word' id='word_1_203' title='bbox 1927 3461 2048 3505; x_wconf 86' lang='lat' dir='ltr'><strong>var.</strong></span> <span class='ocrx_word' id='word_1_204' title='bbox 2095 3449 2153 3523; x_wconf 82' lang='grc' dir='ltr'><strong>β.</strong></span> <span class='ocrx_word' id='word_1_205' title='bbox 2199 3439 2486 3523; x_wconf 76' lang='lat' dir='ltr'><strong>riyidum</strong></span> <span class='ocrx_word' id='word_1_206' title='bbox 2530 3461 2684 3520; x_wconf 88' lang='lat' dir='ltr'><strong>pone</strong></span> <span class='ocrx_word' id='word_1_207' title='bbox 2726 3447 2786 3523; x_wconf 82' lang='grc' dir='ltr'><strong>β.</strong></span> <span class='ocrx_word' id='word_1_208' title='bbox 2817 3440 3094 3523; x_wconf 75' lang='lat' dir='ltr'><strong>inteyri—</strong></span> 
     </span>
    </p>
   </div>
   <div class='ocr_carea' id='block_1_28' title="bbox 574 3526 3094 3608">
    <p class='ocr_par' dir='ltr' id='par_1_28' title="bbox 574 3526 3094 3608">
     <span class='ocr_line' id='line_1_45' title="bbox 574 3526 3094 3608; baseline -0.001 -16"><span class='ocrx_word' id='word_1_209' title='bbox 574 3527 822 3608; x_wconf 85' lang='lat' dir='ltr'><strong>folium</strong></span> <span class='ocrx_word' id='word_1_210' title='bbox 852 3528 1087 3592; x_wconf 84' lang='lat' dir='ltr'><strong>Griseb.</strong></span> <span class='ocrx_word' id='word_1_211' title='bbox 1135 3529 1276 3608; x_wconf 86' lang='lat' dir='ltr'><strong>spic.</strong></span> <span class='ocrx_word' id='word_1_212' title='bbox 1323 3529 1407 3592; x_wconf 92' lang='grc' dir='ltr'><strong>ΙΙ.</strong></span> <span class='ocrx_word' id='word_1_213' title='bbox 1456 3550 1513 3607; x_wconf 88' lang='lat' dir='ltr'><strong>p.</strong></span> <span class='ocrx_word' id='word_1_214' title='bbox 1561 3533 1645 3590; x_wconf 87' lang='lat'><strong>40</strong></span> <span class='ocrx_word' id='word_1_215' title='bbox 1689 3549 1797 3607; x_wconf 90' lang='lat' dir='ltr'><strong>pro</strong></span> <span class='ocrx_word' id='word_1_216' title='bbox 1845 3549 1966 3590; x_wconf 86' lang='lat' dir='ltr'><strong>var.</strong></span> <span class='ocrx_word' id='word_1_217' title='bbox 2023 3527 2092 3592; x_wconf 88' lang='lat' dir='ltr'><strong>V.</strong></span> <span class='ocrx_word' id='word_1_218' title='bbox 2127 3526 2454 3604; x_wconf 75' lang='lat' dir='ltr'><strong>undulati,</strong></span> <span class='ocrx_word' id='word_1_219' title='bbox 2503 3548 2717 3589; x_wconf 90' lang='lat' dir='ltr'><strong>nomen</strong></span> <span class='ocrx_word' id='word_1_220' title='bbox 2765 3530 3094 3607; x_wconf 72' lang='lat' dir='ltr'><strong>antiquius·</strong></span> 
     </span>
    </p>
   </div>
   <div class='ocr_carea' id='block_1_29' title="bbox 593 3647 3100 3815">
    <p class='ocr_par' dir='ltr' id='par_1_29' title="bbox 593 3647 3100 3815">
     <span class='ocr_line' id='line_1_46' title="bbox 593 3647 3100 3815; baseline -0.002 -99"><span class='ocrx_word' id='word_1_221' title='bbox 593 3735 673 3812; x_wconf 42' lang='lat' dir='ltr'><strong>(S.</strong></span> <span class='ocrx_word' id='word_1_222' title='bbox 765 3649 1180 3815; x_wconf 56' lang='lat' dir='ltr'><strong>v93b⁸⁸⁰¹¹¹¹¹</strong></span> <span class='ocrx_word' id='word_1_223' title='bbox 1228 3648 1729 3722; x_wconf 77' lang='lat' dir='ltr'><strong>pinnatifidum.</strong></span> <span class='ocrx_word' id='word_1_224' title='bbox 1793 3649 1972 3710; x_wconf 87' lang='lat' dir='ltr'><strong>Adde</strong></span> <span class='ocrx_word' id='word_1_225' title='bbox 2016 3649 2244 3710; x_wconf 85' lang='lat' dir='ltr'><strong>locum:</strong></span> <span class='ocrx_word' id='word_1_226' title='bbox 2292 3648 2628 3709; x_wconf 83' lang='lat' dir='ltr'><strong>Thessalia:</strong></span> <span class='ocrx_word' id='word_1_227' title='bbox 2673 3668 2762 3727; x_wconf 89' lang='lat' dir='ltr'><strong>pr.</strong></span> <span class='ocrx_word' id='word_1_228' title='bbox 2791 3647 3100 3710; x_wconf 82' lang='lat' dir='ltr'><strong>Katerina</strong></span> 
     </span>
     <span class='ocr_line' id='line_1_47' title="bbox 660 3747 914 3795; baseline -0.004 0"><span class='ocrx_word' id='word_1_229' title='bbox 660 3747 872 3795; x_wconf 75' lang='lat' dir='ltr'><strong>mtenns</strong></span> <span class='ocrx_word' id='word_1_230' title='bbox 903 3783 914 3794; x_wconf 93' lang='lat'><strong><em>.</em></strong></span> 
     </span>
    </p>
   </div>
   <div class='ocr_carea' id='block_1_30' title="bbox 593 3856 3094 4021">
    <p class='ocr_par' dir='ltr' id='par_1_30' title="bbox 593 3856 3094 4021">
     <span class='ocr_line' id='line_1_48' title="bbox 593 3856 3094 4021; baseline -0 -104"><span class='ocrx_word' id='word_1_231' title='bbox 593 3943 703 4020; x_wconf 66' lang='lat' dir='ltr'><strong>(Le</strong></span> <span class='ocrx_word' id='word_1_232' title='bbox 768 3857 1183 4021; x_wconf 50' lang='lat' dir='ltr'><strong>Y‘eraswm</strong></span> <span class='ocrx_word' id='word_1_233' title='bbox 1232 3856 1756 3935; x_wconf 80' lang='lat' dir='ltr'><strong>megaphlomos.</strong></span> <span class='ocrx_word' id='word_1_234' title='bbox 1806 3857 1983 3918; x_wconf 87' lang='lat' dir='ltr'><strong>Adde</strong></span> <span class='ocrx_word' id='word_1_235' title='bbox 2025 3857 2251 3918; x_wconf 86' lang='lat' dir='ltr'><strong>locum:</strong></span> <span class='ocrx_word' id='word_1_236' title='bbox 2299 3857 2594 3918; x_wconf 85' lang='lat' dir='ltr'><strong>Laconia:</strong></span> <span class='ocrx_word' id='word_1_237' title='bbox 2641 3867 2743 3918; x_wconf 83' lang='lat' dir='ltr'><strong>mt.</strong></span> <span class='ocrx_word' id='word_1_238' title='bbox 2789 3857 3094 3937; x_wconf 78' lang='lat' dir='ltr'><strong>Taygetos</strong></span> 
     </span>
     <span class='ocr_line' id='line_1_49' title="bbox 705 3964 877 4004; baseline -0.012 0"><span class='ocrx_word' id='word_1_239' title='bbox 705 3964 836 4004; x_wconf 85' lang='lat' dir='ltr'><strong>onlS</strong></span> <span class='ocrx_word' id='word_1_240' title='bbox 864 3991 877 4003; x_wconf 92' lang='lat'><strong><em>.</em></strong></span> 
     </span>
    </p>
   </div>
   <div class='ocr_carea' id='block_1_31' title="bbox 595 4060 3096 4228">
    <p class='ocr_par' dir='ltr' id='par_1_31' title="bbox 595 4060 3096 4228">
     <span class='ocr_line' id='line_1_50' title="bbox 765 4060 3096 4135; baseline 0 -11"><span class='ocrx_word' id='word_1_241' title='bbox 765 4060 1180 4124; x_wconf 80' lang='lat' dir='ltr'><strong>Verbascum</strong></span> <span class='ocrx_word' id='word_1_242' title='bbox 1209 4062 1784 4135; x_wconf 80' lang='lat' dir='ltr'><strong>pulverulentum.</strong></span> <span class='ocrx_word' id='word_1_243' title='bbox 1850 4063 2027 4125; x_wconf 87' lang='lat' dir='ltr'><strong>Adde</strong></span> <span class='ocrx_word' id='word_1_244' title='bbox 2072 4063 2299 4125; x_wconf 86' lang='lat' dir='ltr'><strong>locum:</strong></span> <span class='ocrx_word' id='word_1_245' title='bbox 2347 4065 2716 4126; x_wconf 86' lang='lat' dir='ltr'><strong>Acarnania:</strong></span> <span class='ocrx_word' id='word_1_246' title='bbox 2763 4063 2842 4123; x_wconf 87' lang='lat' dir='ltr'><strong>ad</strong></span> <span class='ocrx_word' id='word_1_247' title='bbox 2889 4085 3096 4124; x_wconf 81' lang='lat' dir='ltr'><strong>mona-</strong></span> 
     </span>
     <span class='ocr_line' id='line_1_51' title="bbox 595 4149 1405 4228; baseline 0.002 -20"><span class='ocrx_word' id='word_1_248' title='bbox 595 4149 833 4210; x_wconf 85' lang='lat' dir='ltr'><strong>sterium</strong></span> <span class='ocrx_word' id='word_1_249' title='bbox 880 4149 1115 4209; x_wconf 87' lang='lat' dir='ltr'><strong>Romvo</strong></span> <span class='ocrx_word' id='word_1_250' title='bbox 1154 4149 1405 4228; x_wconf 87' lang='lat' dir='ltr'><strong>(Maire).</strong></span> 
     </span>
    </p>
   </div>
   <div class='ocr_carea' id='block_1_32' title="bbox 594 4287 3094 4630">
    <p class='ocr_par' dir='ltr' id='par_1_32' title="bbox 594 4287 3094 4630">
     <span class='ocr_line' id='line_1_52' title="bbox 766 4287 3092 4370; baseline 0.001 -20"><span class='ocrx_word' id='word_1_251' title='bbox 766 4287 1181 4350; x_wconf 63' lang='lat' dir='ltr'><strong>verbascum</strong></span> <span class='ocrx_word' id='word_1_252' title='bbox 1240 4287 1681 4350; x_wconf 82' lang='lat' dir='ltr'><strong>Heldreichii.</strong></span> <span class='ocrx_word' id='word_1_253' title='bbox 1787 4289 1929 4351; x_wconf 90' lang='lat' dir='ltr'><strong>Huc</strong></span> <span class='ocrx_word' id='word_1_254' title='bbox 1982 4289 2170 4351; x_wconf 86' lang='lat' dir='ltr'><strong>refero</strong></span> <span class='ocrx_word' id='word_1_255' title='bbox 2229 4290 2433 4350; x_wconf 90' lang='lat' dir='ltr'><strong>hodie:</strong></span> <span class='ocrx_word' id='word_1_256' title='bbox 2523 4289 2593 4353; x_wconf 90' lang='lat' dir='ltr'><strong>V.</strong></span> <span class='ocrx_word' id='word_1_257' title='bbox 2653 4287 3092 4370; x_wconf 71' lang='lat' dir='ltr'><strong>thyraoideum</strong></span> 
     </span>
     <span class='ocr_line' id='line_1_53' title="bbox 595 4374 3092 4458; baseline -0.001 -21"><span class='ocrx_word' id='word_1_258' title='bbox 595 4375 739 4437; x_wconf 88' lang='lat' dir='ltr'><strong>Hal.</strong></span> <span class='ocrx_word' id='word_1_259' title='bbox 772 4377 831 4434; x_wconf 87' lang='lat' dir='ltr'><strong>in</strong></span> <span class='ocrx_word' id='word_1_260' title='bbox 878 4396 923 4435; x_wconf 85' lang='lat' dir='ltr'><strong>z.</strong></span> <span class='ocrx_word' id='word_1_261' title='bbox 971 4375 1024 4436; x_wconf 93' lang='lat' dir='ltr'><strong>b.</strong></span> <span class='ocrx_word' id='word_1_262' title='bbox 1059 4374 1135 4437; x_wconf 87' lang='lat' dir='ltr'><strong>G.</strong></span> <span class='ocrx_word' id='word_1_263' title='bbox 1184 4382 1365 4448; x_wconf 89' lang='grc'><strong>1898,</strong></span> <span class='ocrx_word' id='word_1_264' title='bbox 1412 4397 1468 4456; x_wconf 93' lang='lat' dir='ltr'><strong>p.</strong></span> <span class='ocrx_word' id='word_1_265' title='bbox 1509 4382 1662 4450; x_wconf 89' lang='grc'>144;</span> <span class='ocrx_word' id='word_1_266' title='bbox 1709 4377 1933 4458; x_wconf 89' lang='lat' dir='ltr'><strong>Consp.</strong></span> <span class='ocrx_word' id='word_1_267' title='bbox 1967 4377 2053 4440; x_wconf 94' lang='lat' dir='ltr'><strong>II.</strong></span> <span class='ocrx_word' id='word_1_268' title='bbox 2083 4399 2145 4457; x_wconf 89' lang='lat' dir='ltr'><strong>p.</strong></span> <span class='ocrx_word' id='word_1_269' title='bbox 2181 4382 2303 4440; x_wconf 82' lang='lat'><strong>392</strong></span> <span class='ocrx_word' id='word_1_270' title='bbox 2349 4397 2457 4456; x_wconf 89' lang='lat' dir='ltr'><strong>pro</strong></span> <span class='ocrx_word' id='word_1_271' title='bbox 2493 4397 2550 4456; x_wconf 95' lang='lat' dir='ltr'><strong>p.</strong></span> <span class='ocrx_word' id='word_1_272' title='bbox 2596 4375 2795 4456; x_wconf 87' lang='lat' dir='ltr'><strong>quoad</strong></span> <span class='ocrx_word' id='word_1_273' title='bbox 2839 4375 2922 4456; x_wconf 91' lang='lat' dir='ltr'><strong>pl.</strong></span> <span class='ocrx_word' id='word_1_274' title='bbox 2969 4377 3092 4456; x_wconf 87' lang='lat' dir='ltr'><strong>epi·</strong></span> 
     </span>
     <span class='ocr_line' id='line_1_54' title="bbox 594 4461 3094 4544; baseline 0.001 -22"><span class='ocrx_word' id='word_1_275' title='bbox 594 4464 861 4532; x_wconf 84' lang='lat' dir='ltr'><strong>roticam;</strong></span> <span class='ocrx_word' id='word_1_276' title='bbox 909 4483 1018 4522; x_wconf 90' lang='lat' dir='ltr'><strong>nec</strong></span> <span class='ocrx_word' id='word_1_277' title='bbox 1062 4483 1185 4522; x_wconf 90' lang='lat' dir='ltr'><strong>non</strong></span> <span class='ocrx_word' id='word_1_278' title='bbox 1248 4461 1318 4526; x_wconf 88' lang='lat' dir='ltr'><strong>V.</strong></span> <span class='ocrx_word' id='word_1_279' title='bbox 1376 4461 1619 4527; x_wconf 77' lang='lat' dir='ltr'><strong>Chaixi</strong></span> <span class='ocrx_word' id='word_1_280' title='bbox 1665 4463 1806 4525; x_wconf 88' lang='lat' dir='ltr'><strong>Hal.</strong></span> <span class='ocrx_word' id='word_1_281' title='bbox 1857 4465 2031 4524; x_wconf 85' lang='lat' dir='ltr'><strong>Beitr.</strong></span> <span class='ocrx_word' id='word_1_282' title='bbox 2078 4463 2146 4526; x_wconf 86' lang='lat' dir='ltr'><strong>fl.</strong></span> <span class='ocrx_word' id='word_1_283' title='bbox 2193 4463 2360 4543; x_wconf 86' lang='lat' dir='ltr'><strong><em>Epir.</em></strong></span> <span class='ocrx_word' id='word_1_284' title='bbox 2421 4485 2479 4544; x_wconf 94' lang='lat' dir='ltr'><strong>p.</strong></span> <span class='ocrx_word' id='word_1_285' title='bbox 2527 4467 2627 4535; x_wconf 83' lang='lat'><strong>33,</strong></span> <span class='ocrx_word' id='word_1_286' title='bbox 2673 4462 2770 4524; x_wconf 85' lang='lat' dir='ltr'><strong>Fl.</strong></span> <span class='ocrx_word' id='word_1_287' title='bbox 2813 4461 3094 4524; x_wconf 75' lang='lat' dir='ltr'><strong>Thessal.</strong></span> 
     </span>
     <span class='ocr_line' id='line_1_55' title="bbox 596 4549 2724 4630; baseline -0.001 -20"><span class='ocrx_word' id='word_1_288' title='bbox 596 4569 650 4628; x_wconf 91' lang='lat' dir='ltr'><strong>p.</strong></span> <span class='ocrx_word' id='word_1_289' title='bbox 704 4553 799 4611; x_wconf 90' lang='grc'><strong>16.</strong></span> <span class='ocrx_word' id='word_1_290' title='bbox 893 4549 1163 4608; x_wconf 87' lang='lat' dir='ltr'><strong>Occurrit</strong></span> <span class='ocrx_word' id='word_1_291' title='bbox 1205 4570 1439 4629; x_wconf 88' lang='lat' dir='ltr'><strong>quoque</strong></span> <span class='ocrx_word' id='word_1_292' title='bbox 1484 4571 1568 4629; x_wconf 89' lang='lat' dir='ltr'><strong>pr.</strong></span> <span class='ocrx_word' id='word_1_293' title='bbox 1616 4550 2024 4612; x_wconf 83' lang='lat' dir='ltr'><strong>Mavrolithari</strong></span> <span class='ocrx_word' id='word_1_294' title='bbox 2069 4550 2428 4612; x_wconf 81' lang='lat' dir='ltr'><strong>Phthiotidis</strong></span> <span class='ocrx_word' id='word_1_295' title='bbox 2473 4549 2724 4630; x_wconf 83' lang='lat' dir='ltr'><strong>(Maire).</strong></span> 
     </span>
    </p>
   </div>
  </div>
 </body>
</html>
