3273 5134
1374 380 1704 432 Introductio.
2681 376 2782 431 XV

438 552 800 613 Insularum
831 553 1047 614 fluvios
1081 553 1243 615 brevi
1272 575 1445 616 cursu
1472 576 1604 616 esse
1647 576 1723 615 ex
1765 574 1958 615 rerum
2005 565 2217 615 natura
2261 555 2389 633 ipsa
2418 552 2784 633 intelligitur.

274 638 449 701 Multi
504 640 689 700 fluvii
750 659 873 700 non
933 642 1049 700 nisi
1104 642 1165 701 in
1220 641 1393 703 Creta
1448 642 1851 711 inveniuntur,
1913 661 2161 720 quorum
2216 641 2450 720 plurimi
2497 650 2780 700 torrentes

272 736 431 799 sunt3
492 726 705 807 aliqua
764 727 1178 807 magnitudine
1236 728 1295 787 hi
1344 728 1452 788 soli
1512 728 1690 789 fluvii
1745 737 1910 788 sunt:
1972 728 2039 788 in
2097 726 2266 787 litore
2327 725 2782 807 septemtrionali

276 813 803 888 nyiopotamus,
864 815 927 873 in
983 812 1152 873 litore
1211 814 1573 875 meridionali
1630 814 2158 890 Platypotamos,
2219 813 2782 889 Hyerapotamos‚

273 898 785 971 Anapodharis.

424 984 655 1047 'Lacum
699 988 761 1046 in
809 984 1059 1047 Graecia
1104 1007 1225 1047 non
1273 986 1443 1047 multi
1486 989 1644 1067 iique
1687 988 1854 1067 parvi
1901 998 2069 1047 sunt:
2125 988 2188 1046 in
2235 986 2418 1065 Epiro
2465 985 2782 1047 Butrinto

268 1082 329 1135 et
374 1072 551 1134 Bisa.
592 1073 775 1143 lacus,
823 1073 987 1134 lacus
1033 1070 1409 1135 Acherusia
1454 1094 1557 1135 seu
1601 1072 2027 1149 sanissaeus,
2072 1072 2344 1152 Lug-aru
2388 1071 2571 1142 lacus,
2618 1073 2780 1152 apud

272 1160 477 1219 sinum
500 1159 892 1220 Ambracium
924 1160 1101 1230 situs;
1147 1161 1211 1219 in
1240 1160 1555 1221 Thessalia
1586 1160 1876 1242 Nazeros
1906 1160 2072 1221 lacus
2113 1160 2170 1219 in
2206 1159 2498 1220 radicibus
2530 1158 2782 1239 Olympi

272 1246 443 1317 sime,
488 1245 657 1306 lacus
678 1246 938 1307 eiusdem
968 1246 1219 1306 nominis
1250 1248 1310 1306 in
1340 1247 1566 1327 Othrys
1595 1256 1796 1309 monte
1826 1248 1988 1319 situs,
2037 1246 2247 1307 Karla.
2277 1246 2442 1307 lacus
2473 1266 2512 1305 a
2541 1245 2782 1306 Larissa

274 1332 579 1393 meridiem
625 1352 829 1393 versus
874 1333 1051 1403 situs;
1098 1333 1157 1392 in
1206 1334 1575 1395 Acarnania:
1626 1333 1998 1395 vulcharia
2041 1332 2096 1405 1.,
2142 1332 2308 1393 lacus
2352 1331 2514 1411 apud
2548 1329 2781 1405 Ampe-

272 1417 519 1479 lnkion
540 1420 707 1491 situs,
736 1416 1103 1479 Ambrakia
1124 1418 1307 1491 lacus,
1332 1440 1586 1500 quocum
1603 1421 1906 1500 angustiis
1933 1419 2146 1500 quibus
2169 1438 2320 1499 pons
2344 1420 2652 1499 impositus
2674 1429 2782 1491 est,

278 1504 523 1567 Rivius
568 1504 736 1565 lacus
781 1506 1170 1584 coniungitur,
1221 1504 1471 1567 (heros
1516 1506 1573 1578 1.,
1618 1506 1785 1567 lacus
1831 1506 1990 1585 apud
2036 1504 2572 1582 Angelocastron
2619 1506 2782 1577 situS,

278 1590 623 1669 Agrinion
655 1594 777 1652 sive
806 1590 1163 1653 Trichonis
1192 1593 1385 1664 lacus;
1431 1596 1493 1653 in
1526 1592 1795 1653 Boeotia:
1845 1590 2090 1665 Copais
2135 1595 2257 1653 sive
2287 1590 2568 1664 Topolia
2596 1591 2780 1664 lacus,

280 1676 537 1754 Lykeri
588 1680 712 1739 sive
741 1677 997 1754 Hylike
1026 1678 1083 1750 1.,
1131 1678 1311 1739 Para
1338 1679 1465 1739 sive
1494 1678 1754 1740 Harma
1797 1678 1867 1750 l.;
1912 1680 1973 1738 in
2005 1679 2401 1759 Peloponnesi
2430 1677 2783 1739 occidentali

274 1772 473 1843 parte:
518 1763 687 1826 lacus
730 1765 893 1846 apud
938 1764 1281 1838 Kunupeli
1326 1765 1488 1838 situS,
1530 1766 1886 1828 Lachanna
1914 1776 1974 1826 et
2005 1763 2231 1826 Koflki
2259 1765 2297 1826 l.
2341 1766 2404 1824 in
2446 1764 2623 1826 Elide
2670 1766 2782 1837 siti,

277 1850 507 1912 Iul-ia
550 1862 611 1911 et
656 1849 1051 1928 Agulinitza
1106 1851 1270 1913 lacus
1322 1853 1385 1911 in
1432 1854 1735 1913 Messenia
1779 1853 1904 1924 siti;
1966 1852 2222 1932 denique
2280 1851 2446 1912 lacus
2508 1850 2784 1912 nonnulli

272 1937 477 1998 media
520 1938 583 1997 in
629 1938 861 1999 Achaia
918 1938 1080 2018 apud
1124 1938 1365 2000 Sudena
1418 1940 1529 2007 siti,
1588 1938 1856 2001 Phania
1897 1938 1938 1999 l.
1991 1939 2054 1998 in
2100 1940 2360 2000 Aroania
2419 1937 2576 1997 valle
2619 1938 2782 2009 situS,

272 2022 447 2085 lacus
494 2022 1033 2099 Stymphalicu83
1094 2025 1369 2086 nonnulli
1424 2028 1595 2105 parvi
1655 2024 1824 2086 lacus
1868 2026 2042 2086 etiam
2085 2026 2146 2085 in
2193 2025 2448 2104 Corcyra
2503 2033 2562 2083 et
2607 2024 2784 2085 Creta

275 2110 497 2171 insulis
542 2112 640 2171 nti
684 2124 840 2172 sunt.

457 2197 623 2259 Loca
668 2198 919 2258 demissa
960 2208 1139 2279 atque
1182 2198 1482 2279 palustria,
1529 2219 1682 2279 quae
1727 2198 2036 2259 nonnullis
2065 2199 2125 2257 in
2157 2197 2496 2275 regionibus
2540 2196 2783 2259 lacuum

276 2304 529 2345 munere
574 2285 923 2363 funguntur,
968 2286 1253 2365 imprimis
1288 2287 1349 2346 in
1397 2285 1666 2347 litoribus
1712 2286 2109 2356 inveniuntur,
2157 2295 2225 2345 ut
2268 2288 2366 2363 (ne
2411 2285 2639 2344 minora
2683 2284 2783 2344 ad-

272 2370 523 2447 feram):
572 2372 637 2430 in
668 2370 1033 2431 meridionali
1070 2384 1235 2451 parte
1262 2373 1431 2452 Epiri
1474 2383 1535 2433 et
1566 2371 1849 2443 Aetoliae,
1896 2372 1955 2431 in
1991 2370 2300 2432 Thessalia
2343 2373 2404 2431 in
2433 2391 2532 2431 ore
2561 2371 2784 2442 Penei;

275 2456 497 2517 deinde
542 2459 1092 2519 commemoratione
1152 2460 1334 2539 digna
1392 2469 1561 2520 sunt:
1632 2458 1802 2538 palus
1861 2458 2021 2538 apud
2071 2456 2401 2519 Karacair
2443 2478 2622 2537 prope
2667 2457 2784 2516 La-

274 2545 489 2605 rissam
547 2545 677 2617 sita,
738 2544 868 2606 loca
925 2545 1182 2608 demissa
1242 2546 1403 2627 apud
1457 2548 1652 2607 sinum
1699 2546 2064 2624 Pagasaeum
2121 2546 2250 2616 sita,
2311 2544 2559 2625 Topolia
2618 2543 2784 2605 lacus

278 2630 549 2710 paludes,
595 2630 729 2692 loca
773 2631 1029 2693 demissa
1070 2635 1136 2693 in
1178 2633 1449 2694 litoribus
1495 2635 1747 2704 Atticae,
1793 2631 2112 2712 Argolidis,
2160 2631 2366 2704 Elidis,
2412 2632 2478 2691 in
2523 2651 2620 2692 ore
2664 2631 2784 2691 Eu-

274 2725 443 2778 rotae
486 2718 651 2799 apud
694 2718 889 2780 Helos
932 2720 1061 2781 sita.

948 2965 955 2970 .
1066 2904 1173 2980 lV.
1217 2903 1317 2981 De
1362 2905 1555 2981 humi
1600 2908 1999 2981 structura.

456 3047 835 3110 Continentis
899 3048 1112 3111 Graeci
1172 3061 1351 3129 atque
1415 3049 1744 3109 insularum
1809 3049 2194 3109 finitimarum
2256 3048 2471 3108 humus
2525 3049 2785 3108 maxima

268 3135 519 3214 quidem
564 3156 641 3194 ex
684 3145 852 3214 parte
895 3156 928 3195 e
972 3137 1133 3196 saxis
1178 3135 1599 3196 sedimentariis
1655 3136 1908 3196 formata
1952 3146 2065 3206 est;
2127 3133 2403 3195 vulcania
2463 3154 2609 3195 saxa
2651 3155 2782 3196 raro

272 3222 687 3281 inveniuntur.
776 3221 1075 3301 Imprimis
1131 3223 1347 3282 humus
1402 3243 1436 3282 e
1494 3223 1656 3282 saxis
1716 3222 1978 3282 calcariis
2029 3231 2330 3282 exstructa
2382 3232 2496 3291 est;
2556 3231 2787 3302 praeter

272 3326 349 3368 ea
390 3327 631 3387 quoque
674 3308 891 3380 schisti,
954 3329 1203 3388 nangae,
1261 3329 1409 3368 saxa
1451 3309 1734 3377 arenaria,
1799 3327 1946 3368 saxa
1989 3307 2426 3386 conglomerata
2471 3306 2780 3368 nonnullis

274 3394 341 3454 in
400 3393 743 3472 regionibus
810 3394 967 3455 haud
1025 3415 1156 3455 raro
1214 3395 1613 3456 inveniuntur.
1703 3395 1886 3456 Cuius
1953 3395 2162 3454 aetatis
2223 3393 2368 3454 haec
2427 3413 2574 3454 saxa
2642 3395 2780 3466 sint,

273 3479 637 3540 difficillime
696 3481 929 3540 decerni
988 3491 1183 3561 potest
1240 3502 1432 3560 neque
1492 3480 1674 3560 plane
1731 3491 1980 3542 constat.
2073 3480 2332 3542 Schistos
2389 3479 2779 3560 crystallinos,

272 3587 415 3628 cum
461 3567 711 3627 omnino
756 3568 1168 3628 vetustissimis
1213 3568 1375 3628 saxis
1420 3568 1898 3640 adnumerentur,
1960 3568 2020 3627 in
2070 3566 2322 3628 Graecia
2374 3567 2607 3646 quidem
2655 3566 2784 3646 plu-

276 3654 408 3712 rimi
457 3653 569 3712 viri
616 3651 769 3712 docti
814 3675 890 3713 ex
930 3654 1379 3716 formationibus
1422 3654 1844 3715 recentioribus
1892 3653 2336 3714 transformatos
2382 3674 2509 3714 esse
2540 3663 2780 3733 putant3

274 3739 385 3800 sed
430 3739 766 3819 nuperrime
818 3741 879 3800 in
935 3741 1091 3801 saxis
1136 3739 1414 3813 calcariis,
1470 3762 1623 3820 quae
1667 3741 1860 3800 adhuc
1905 3740 2160 3800 tertiaria
2218 3760 2346 3799 esse
2399 3738 2780 3818 putabantur,

276 3825 511 3886 fossilia
576 3824 951 3886 formationis
1016 3827 1312 3888 triassicae
1377 3829 1623 3889 inventa
1689 3837 1860 3899 sunt,
1928 3827 2088 3887 unde
2155 3847 2314 3886 nunc
2384 3824 2780 3904 palaeozoicas

276 3933 519 3994 quoque
564 3911 945 3974 formationes
990 3914 1337 3974 statuendas
1383 3915 1493 3975 viri
1537 3914 1690 3975 docti
1736 3924 1966 3994 putant.

452 4011 515 4086 a)
562 4008 1001 4086 Antiquissima
1044 4008 1328 4071 Graeciae
1374 4030 1522 4070 saxa
1567 4009 1806 4071 schisti
1851 4005 2236 4084 crystallini
2281 4005 2647 4083 cycladum
2693 4009 2782 4068 in·

278 4093 545 4156 malarum
588 4103 747 4162 sunt,
793 4095 895 4173 qui
938 4094 1177 4175 Epidot,
1240 4096 1636 4176 Glaucophon
1681 4106 1859 4175 atque
1903 4095 2128 4164 micam,
2189 4093 2412 4155 taicum
2455 4094 2780 4156 continent.

278 4181 657 4258 Quibuscum
702 4183 867 4241 saxis
912 4182 1165 4242 invicem
1210 4203 1499 4244 marmora
1528 4183 1930 4243 inveniuntur.
1999 4181 2072 4241 In
2108 4181 2286 4242 Creta
2313 4201 2548 4261 quoque
2579 4181 2780 4242 schisti

278 4279 339 4330 et
380 4267 577 4328 calces
623 4267 949 4346 crystallini
996 4281 1155 4329 sunt.

454 4363 521 4442 b)
564 4361 807 4440 Quibus
862 4363 1193 4442 Cycladum
1256 4364 1413 4424 saxis
1466 4365 1816 4424 recentiores
1872 4360 2110 4424 subisti
2163 4363 2521 4423 continentis
2568 4364 2778 4426 Graeci

282 4461 438 4521 sunt,
482 4451 545 4510 in
591 4450 813 4530 quibus
857 4451 1140 4530 imprimis
1186 4449 1387 4511 schisti
1432 4450 1674 4530 argillae
1717 4463 1778 4510 et
1821 4450 2004 4509 micas
2040 4451 2423 4522 continentes,
2471 4469 2618 4511 saxa
2661 4451 2780 4511 sili-

280 4547 427 4610 cata,
487 4537 685 4598 minus
741 4556 918 4618 saepe
976 4537 1175 4598 schisti
1232 4536 1474 4598 cloritici
1536 4547 1595 4597 et
1653 4535 1839 4597 albidi
1895 4537 2099 4596 schisti
2152 4537 2334 4596 micas
2389 4537 2777 4602 continentes.
