<?xml version="1.0" encoding="UTF-8"?>
<!DOCTYPE html PUBLIC "-//W3C//DTD XHTML 1.0 Transitional//EN"
    "http://www.w3.org/TR/xhtml1/DTD/xhtml1-transitional.dtd">
<html xmlns="http://www.w3.org/1999/xhtml" xml:lang="en" lang="en">
 <head>
  <title>
</title>
<meta http-equiv="Content-Type" content="text/html;charset=utf-8" />
  <meta name='ocr-system' content='tesseract 3.04.00' />
  <meta name='ocr-capabilities' content='ocr_page ocr_carea ocr_par ocr_line ocrx_word'/>
</head>
<body>
  <div class='ocr_page' id='page_1' title='image "./conspectusflora06halgoog_0006.png"; bbox 0 0 3273 5134; ppageno 0'>
   <div class='ocr_carea' id='block_1_1' title="bbox 1169 1395 1805 1522">
    <p class='ocr_par' dir='ltr' id='par_1_1' title="bbox 1169 1395 1805 1522">
     <span class='ocr_line' id='line_1_1' title="bbox 1169 1395 1805 1522; baseline -0.003 0"><span class='ocrx_word' id='word_1_1' title='bbox 1169 1395 1805 1522; x_wconf 81' lang='lat' dir='ltr'><strong>PraefatiO.</strong></span> 
     </span>
    </p>
   </div>
   <div class='ocr_carea' id='block_1_2' title="bbox 1373 1607 1584 1618">
    <p class='ocr_par' dir='ltr' id='par_1_2' title="bbox 1373 1607 1584 1618">
     <span class='ocr_line' id='line_1_2' title="bbox 1373 1607 1584 1618; baseline -0.009 0"><span class='ocrx_word' id='word_1_2' title='bbox 1373 1607 1584 1618; x_wconf 77' lang='lat' dir='ltr'><strong>—n———</strong></span> 
     </span>
    </p>
   </div>
   <div class='ocr_carea' id='block_1_3' title="bbox 237 1726 2753 4680">
    <p class='ocr_par' dir='ltr' id='par_1_3' title="bbox 411 1726 2733 1829">
     <span class='ocr_line' id='line_1_3' title="bbox 411 1726 2733 1829; baseline -0.002 -36"><span class='ocrx_word' id='word_1_3' title='bbox 411 1731 652 1794; x_wconf 82' lang='lat' dir='ltr'><strong>Floram</strong></span> <span class='ocrx_word' id='word_1_4' title='bbox 697 1729 1000 1803; x_wconf 77' lang='lat' dir='ltr'><strong>Graeciae,</strong></span> <span class='ocrx_word' id='word_1_5' title='bbox 1052 1749 1204 1810; x_wconf 85' lang='lat' dir='ltr'><strong>quae</strong></span> <span class='ocrx_word' id='word_1_6' title='bbox 1245 1748 1476 1829; x_wconf 80' lang='lat' dir='ltr'><strong>semper</strong></span> <span class='ocrx_word' id='word_1_7' title='bbox 1519 1726 1749 1788; x_wconf 82' lang='lat' dir='ltr'><strong>animos</strong></span> <span class='ocrx_word' id='word_1_8' title='bbox 1794 1747 1986 1789; x_wconf 84' lang='lat' dir='ltr'><strong>rerum</strong></span> <span class='ocrx_word' id='word_1_9' title='bbox 2032 1737 2279 1790; x_wconf 84' lang='lat' dir='ltr'><strong>naturae</strong></span> <span class='ocrx_word' id='word_1_10' title='bbox 2320 1727 2733 1828; x_wconf 78' lang='lat' dir='ltr'><strong>inquisitorum</strong></span> 
     </span>
    </p>

    <p class='ocr_par' dir='ltr' id='par_1_4' title="bbox 239 1796 2739 1896">
     <span class='ocr_line' id='line_1_4' title="bbox 239 1796 2739 1896; baseline -0.002 -15"><span class='ocrx_word' id='word_1_11' title='bbox 239 1796 561 1882; x_wconf 81' lang='lat' dir='ltr'><strong>oblectatos</strong></span> <span class='ocrx_word' id='word_1_12' title='bbox 606 1817 864 1890; x_wconf 82' lang='lat' dir='ltr'><strong>tenebat,</strong></span> <span class='ocrx_word' id='word_1_13' title='bbox 922 1836 1279 1896; x_wconf 87' lang='lat' dir='ltr'><strong>quamquam</strong></span> <span class='ocrx_word' id='word_1_14' title='bbox 1336 1815 1453 1876; x_wconf 88' lang='lat' dir='ltr'><strong>iam</strong></span> <span class='ocrx_word' id='word_1_15' title='bbox 1507 1823 1765 1876; x_wconf 82' lang='lat' dir='ltr'><strong>exeunte</strong></span> <span class='ocrx_word' id='word_1_16' title='bbox 1821 1813 2055 1876; x_wconf 88' lang='lat' dir='ltr'><strong>saeculo</strong></span> <span class='ocrx_word' id='word_1_17' title='bbox 2098 1813 2316 1876; x_wconf 88' lang='lat' dir='ltr'><strong>XVII.</strong></span> <span class='ocrx_word' id='word_1_18' title='bbox 2377 1823 2437 1874; x_wconf 90' lang='lat' dir='ltr'><strong>et</strong></span> <span class='ocrx_word' id='word_1_19' title='bbox 2491 1813 2739 1876; x_wconf 80' lang='lat' dir='ltr'><strong>ineunte</strong></span> 
     </span>
    </p>

    <p class='ocr_par' dir='ltr' id='par_1_5' title="bbox 237 1901 2749 2936">
     <span class='ocr_line' id='line_1_5' title="bbox 242 1901 2749 1982; baseline -0.002 -14.845"><span class='ocrx_word' id='word_1_20' title='bbox 242 1905 479 1967; x_wconf 83' lang='lat' dir='ltr'><strong>saeculo</strong></span> <span class='ocrx_word' id='word_1_21' title='bbox 507 1903 758 1966; x_wconf 86' lang='lat' dir='ltr'><strong>XVIII.</strong></span> <span class='ocrx_word' id='word_1_22' title='bbox 804 1902 1247 1982; x_wconf 56' lang='lat' dir='ltr'><strong>quaestionibus</strong></span> <span class='ocrx_word' id='word_1_23' title='bbox 1290 1903 1546 1962; x_wconf 85' lang='lat' dir='ltr'><strong>virorum</strong></span> <span class='ocrx_word' id='word_1_24' title='bbox 1577 1901 1880 1964; x_wconf 83' lang='lat' dir='ltr'><strong>doctorum</strong></span> <span class='ocrx_word' id='word_1_25' title='bbox 1916 1903 2123 1982; x_wconf 74' lang='lat' dir='ltr'><strong>patuit,</strong></span> <span class='ocrx_word' id='word_1_26' title='bbox 2168 1902 2395 1981; x_wconf 85' lang='lat' dir='ltr'><strong>primus</strong></span> <span class='ocrx_word' id='word_1_27' title='bbox 2422 1901 2469 1964; x_wconf 86' lang='lat' dir='ltr'><strong>J</strong></span> <span class='ocrx_word' id='word_1_28' title='bbox 2468 1901 2749 1962; x_wconf 83' lang='lat' dir='ltr'><strong>ohannes·</strong></span> 
     </span>
     <span class='ocr_line' id='line_1_6' title="bbox 237 1987 2737 2070; baseline -0.002 -17"><span class='ocrx_word' id='word_1_29' title='bbox 237 1990 618 2070; x_wconf 83' lang='lat' dir='ltr'><strong>Sibthorpius</strong></span> <span class='ocrx_word' id='word_1_30' title='bbox 655 1989 938 2060; x_wconf 85' lang='lat' dir='ltr'><strong>tractavit,</strong></span> <span class='ocrx_word' id='word_1_31' title='bbox 986 1990 1086 2069; x_wconf 90' lang='lat' dir='ltr'><strong>qui</strong></span> <span class='ocrx_word' id='word_1_32' title='bbox 1131 1989 1192 2048; x_wconf 90' lang='lat' dir='ltr'><strong>in</strong></span> <span class='ocrx_word' id='word_1_33' title='bbox 1240 1987 1818 2068; x_wconf 70' lang='lat' dir='ltr'><strong>peregrinationibus,</strong></span> <span class='ocrx_word' id='word_1_34' title='bbox 1864 2007 2015 2068; x_wconf 85' lang='lat' dir='ltr'><strong>quas</strong></span> <span class='ocrx_word' id='word_1_35' title='bbox 2058 1987 2292 2048; x_wconf 79' lang='lat' dir='ltr'><strong>saeculo</strong></span> <span class='ocrx_word' id='word_1_36' title='bbox 2336 1987 2589 2050; x_wconf 90' lang='lat' dir='ltr'><strong>XVIII.</strong></span> <span class='ocrx_word' id='word_1_37' title='bbox 2638 2009 2737 2048; x_wconf 83' lang='lat' dir='ltr'><strong>ex-</strong></span> 
     </span>
     <span class='ocr_line' id='line_1_7' title="bbox 237 2073 2739 2156; baseline -0.003 -16"><span class='ocrx_word' id='word_1_38' title='bbox 237 2090 422 2140; x_wconf 82' lang='lat' dir='ltr'><strong>eunte</strong></span> <span class='ocrx_word' id='word_1_39' title='bbox 466 2077 732 2156; x_wconf 87' lang='lat' dir='ltr'><strong>suscepit,</strong></span> <span class='ocrx_word' id='word_1_40' title='bbox 793 2095 1074 2156; x_wconf 81' lang='lat' dir='ltr'><strong>magnam</strong></span> <span class='ocrx_word' id='word_1_41' title='bbox 1129 2075 1306 2136; x_wconf 88' lang='lat' dir='ltr'><strong>huius</strong></span> <span class='ocrx_word' id='word_1_42' title='bbox 1360 2087 1544 2136; x_wconf 83' lang='lat' dir='ltr'><strong>terrae</strong></span> <span class='ocrx_word' id='word_1_43' title='bbox 1599 2084 1845 2154; x_wconf 82' lang='lat' dir='ltr'><strong>partem,</strong></span> <span class='ocrx_word' id='word_1_44' title='bbox 1904 2075 2063 2154; x_wconf 90' lang='lat' dir='ltr'><strong>quod</strong></span> <span class='ocrx_word' id='word_1_45' title='bbox 2116 2073 2193 2135; x_wconf 76' lang='lat' dir='ltr'><strong>ad</strong></span> <span class='ocrx_word' id='word_1_46' title='bbox 2251 2073 2463 2136; x_wconf 79' lang='lat' dir='ltr'><strong>floram</strong></span> <span class='ocrx_word' id='word_1_47' title='bbox 2508 2076 2739 2146; x_wconf 84' lang='lat' dir='ltr'><strong>attinet,</strong></span> 
     </span>
     <span class='ocr_line' id='line_1_8' title="bbox 239 2161 2737 2246; baseline -0.002 -21"><span class='ocrx_word' id='word_1_48' title='bbox 239 2164 677 2246; x_wconf 81' lang='lat' dir='ltr'><strong>pervestigavit.</strong></span> <span class='ocrx_word' id='word_1_49' title='bbox 769 2163 974 2242; x_wconf 85' lang='lat' dir='ltr'><strong>Atque</strong></span> <span class='ocrx_word' id='word_1_50' title='bbox 1033 2171 1524 2236; x_wconf 76' lang='lat' dir='ltr'><strong>„monumentum</strong></span> <span class='ocrx_word' id='word_1_51' title='bbox 1583 2181 1717 2222; x_wconf 87' lang='lat' dir='ltr'><strong>aere</strong></span> <span class='ocrx_word' id='word_1_52' title='bbox 1776 2162 2127 2241; x_wconf 85' lang='lat' dir='ltr'><strong>perennius“</strong></span> <span class='ocrx_word' id='word_1_53' title='bbox 2192 2169 2464 2222; x_wconf 81' lang='lat' dir='ltr'><strong>exactum</strong></span> <span class='ocrx_word' id='word_1_54' title='bbox 2525 2171 2617 2222; x_wconf 85' lang='lat' dir='ltr'><strong>est</strong></span> <span class='ocrx_word' id='word_1_55' title='bbox 2672 2161 2737 2220; x_wconf 87' lang='lat' dir='ltr'><strong>in</strong></span> 
     </span>
     <span class='ocr_line' id='line_1_9' title="bbox 240 2246 2739 2328; baseline -0.002 -15"><span class='ocrx_word' id='word_1_56' title='bbox 240 2251 406 2313; x_wconf 88' lang='lat' dir='ltr'><strong>libris</strong></span> <span class='ocrx_word' id='word_1_57' title='bbox 465 2249 586 2311; x_wconf 85' lang='lat' dir='ltr'><strong>illis</strong></span> <span class='ocrx_word' id='word_1_58' title='bbox 646 2247 896 2322; x_wconf 87' lang='lat' dir='ltr'><strong>duobus,</strong></span> <span class='ocrx_word' id='word_1_59' title='bbox 957 2269 1106 2328; x_wconf 91' lang='lat' dir='ltr'><strong>quos</strong></span> <span class='ocrx_word' id='word_1_60' title='bbox 1162 2248 1504 2328; x_wconf 87' lang='lat' dir='ltr'><strong>Sibthorpio</strong></span> <span class='ocrx_word' id='word_1_61' title='bbox 1561 2259 1791 2309; x_wconf 88' lang='lat' dir='ltr'><strong>mortuo</strong></span> <span class='ocrx_word' id='word_1_62' title='bbox 1845 2247 1905 2310; x_wconf 83' lang='lat' dir='ltr'><strong>J.</strong></span> <span class='ocrx_word' id='word_1_63' title='bbox 1951 2249 2025 2309; x_wconf 89' lang='lat' dir='ltr'><strong>E.</strong></span> <span class='ocrx_word' id='word_1_64' title='bbox 2069 2247 2354 2310; x_wconf 82' lang='lat' dir='ltr'><strong>Smithius</strong></span> <span class='ocrx_word' id='word_1_65' title='bbox 2412 2257 2474 2308; x_wconf 86' lang='lat' dir='ltr'><strong>et</strong></span> <span class='ocrx_word' id='word_1_66' title='bbox 2523 2246 2739 2327; x_wconf 80' lang='lat' dir='ltr'><strong>partim</strong></span> 
     </span>
     <span class='ocr_line' id='line_1_10' title="bbox 245 2333 2738 2416; baseline -0.003 -16"><span class='ocrx_word' id='word_1_67' title='bbox 245 2339 308 2400; x_wconf 83' lang='lat' dir='ltr'><strong>J.</strong></span> <span class='ocrx_word' id='word_1_68' title='bbox 355 2335 686 2416; x_wconf 81' lang='lat' dir='ltr'><strong>Lindleyus</strong></span> <span class='ocrx_word' id='word_1_69' title='bbox 729 2335 1056 2408; x_wconf 86' lang='lat' dir='ltr'><strong>ediderunt,</strong></span> <span class='ocrx_word' id='word_1_70' title='bbox 1115 2333 1330 2414; x_wconf 89' lang='lat' dir='ltr'><strong>quibus</strong></span> <span class='ocrx_word' id='word_1_71' title='bbox 1373 2333 1542 2394; x_wconf 89' lang='lat' dir='ltr'><strong>libris</strong></span> <span class='ocrx_word' id='word_1_72' title='bbox 1599 2333 1853 2406; x_wconf 80' lang='lat' dir='ltr'><strong>„Florae</strong></span> <span class='ocrx_word' id='word_1_73' title='bbox 1896 2333 2163 2396; x_wconf 75' lang='lat' dir='ltr'><strong>Graecae</strong></span> <span class='ocrx_word' id='word_1_74' title='bbox 2214 2333 2594 2414; x_wconf 87' lang='lat' dir='ltr'><strong>prodromus“</strong></span> <span class='ocrx_word' id='word_1_75' title='bbox 2650 2334 2738 2393; x_wconf 90' lang='lat' dir='ltr'><strong>in·</strong></span> 
     </span>
     <span class='ocr_line' id='line_1_11' title="bbox 252 2420 2741 2502; baseline -0.001 -20"><span class='ocrx_word' id='word_1_76' title='bbox 252 2423 534 2496; x_wconf 73' lang='lat' dir='ltr'><strong>scribitur,</strong></span> <span class='ocrx_word' id='word_1_77' title='bbox 577 2422 864 2502; x_wconf 81' lang='lat' dir='ltr'><strong>imprimis</strong></span> <span class='ocrx_word' id='word_1_78' title='bbox 907 2433 1102 2482; x_wconf 90' lang='lat' dir='ltr'><strong>autem</strong></span> <span class='ocrx_word' id='word_1_79' title='bbox 1147 2420 1316 2482; x_wconf 85' lang='lat' dir='ltr'><strong>libris</strong></span> <span class='ocrx_word' id='word_1_80' title='bbox 1359 2421 1480 2482; x_wconf 85' lang='lat' dir='ltr'><strong>illis</strong></span> <span class='ocrx_word' id='word_1_81' title='bbox 1511 2421 1715 2482; x_wconf 86' lang='lat' dir='ltr'><strong>decem</strong></span> <span class='ocrx_word' id='word_1_82' title='bbox 1758 2421 1954 2482; x_wconf 81' lang='lat' dir='ltr'><strong>forma</strong></span> <span class='ocrx_word' id='word_1_83' title='bbox 1996 2421 2259 2484; x_wconf 83' lang='lat' dir='ltr'><strong>maxima</strong></span> <span class='ocrx_word' id='word_1_84' title='bbox 2302 2441 2355 2481; x_wconf 71' lang='lat' dir='ltr'><strong>a„</strong></span> <span class='ocrx_word' id='word_1_85' title='bbox 2400 2420 2473 2484; x_wconf 88' lang='lat' dir='ltr'><strong>F.</strong></span> <span class='ocrx_word' id='word_1_86' title='bbox 2506 2420 2741 2481; x_wconf 86' lang='lat' dir='ltr'><strong>Bauero</strong></span> 
     </span>
     <span class='ocr_line' id='line_1_12' title="bbox 253 2505 2739 2589; baseline -0.003 -16"><span class='ocrx_word' id='word_1_87' title='bbox 253 2507 554 2573; x_wconf 78' lang='lat' dir='ltr'><strong>illustratis</strong></span> <span class='ocrx_word' id='word_1_88' title='bbox 599 2519 778 2589; x_wconf 81' lang='lat' dir='ltr'><strong>atque</strong></span> <span class='ocrx_word' id='word_1_89' title='bbox 821 2505 1038 2581; x_wconf 86' lang='lat' dir='ltr'><strong>„Flora</strong></span> <span class='ocrx_word' id='word_1_90' title='bbox 1083 2509 1347 2570; x_wconf 87' lang='lat' dir='ltr'><strong>Graeca“</strong></span> <span class='ocrx_word' id='word_1_91' title='bbox 1393 2508 1721 2589; x_wconf 80' lang='lat' dir='ltr'><strong>inscriptis3</strong></span> <span class='ocrx_word' id='word_1_92' title='bbox 1783 2507 1895 2588; x_wconf 77' lang='lat' dir='ltr'><strong>qui·</strong></span> <span class='ocrx_word' id='word_1_93' title='bbox 1928 2508 2016 2569; x_wconf 85' lang='lat' dir='ltr'><strong>vir</strong></span> <span class='ocrx_word' id='word_1_94' title='bbox 2058 2509 2119 2569; x_wconf 89' lang='lat' dir='ltr'><strong>in</strong></span> <span class='ocrx_word' id='word_1_95' title='bbox 2165 2518 2291 2569; x_wconf 80' lang='lat' dir='ltr'><strong>arte</strong></span> <span class='ocrx_word' id='word_1_96' title='bbox 2336 2528 2445 2570; x_wconf 83' lang='lat' dir='ltr'><strong>sua</strong></span> <span class='ocrx_word' id='word_1_97' title='bbox 2487 2507 2739 2567; x_wconf 86' lang='lat' dir='ltr'><strong>multum</strong></span> 
     </span>
     <span class='ocr_line' id='line_1_13' title="bbox 253 2594 2737 2677; baseline -0.002 -18"><span class='ocrx_word' id='word_1_98' title='bbox 253 2610 512 2659; x_wconf 76' lang='lat' dir='ltr'><strong>versatus</strong></span> <span class='ocrx_word' id='word_1_99' title='bbox 557 2594 960 2675; x_wconf 84' lang='lat' dir='ltr'><strong>Sibthorpium</strong></span> <span class='ocrx_word' id='word_1_100' title='bbox 1005 2596 1466 2675; x_wconf 84' lang='lat' dir='ltr'><strong>perigrinantem</strong></span> <span class='ocrx_word' id='word_1_101' title='bbox 1509 2595 1825 2656; x_wconf 83' lang='lat' dir='ltr'><strong>comitatus</strong></span> <span class='ocrx_word' id='word_1_102' title='bbox 1868 2604 1995 2655; x_wconf 84' lang='lat' dir='ltr'><strong>erat</strong></span> <span class='ocrx_word' id='word_1_103' title='bbox 2050 2606 2228 2677; x_wconf 80' lang='lat' dir='ltr'><strong>atque</strong></span> <span class='ocrx_word' id='word_1_104' title='bbox 2281 2594 2393 2656; x_wconf 82' lang='lat' dir='ltr'><strong>hos</strong></span> <span class='ocrx_word' id='word_1_105' title='bbox 2434 2594 2617 2655; x_wconf 88' lang='lat' dir='ltr'><strong>libros</strong></span> <span class='ocrx_word' id='word_1_106' title='bbox 2660 2594 2737 2655; x_wconf 89' lang='lat' dir='ltr'><strong>ad</strong></span> 
     </span>
     <span class='ocr_line' id='line_1_14' title="bbox 253 2680 2743 2763; baseline -0 -21"><span class='ocrx_word' id='word_1_107' title='bbox 253 2683 550 2744; x_wconf 83' lang='lat' dir='ltr'><strong>veritatem</strong></span> <span class='ocrx_word' id='word_1_108' title='bbox 607 2683 830 2763; x_wconf 87' lang='lat' dir='ltr'><strong>optime</strong></span> <span class='ocrx_word' id='word_1_109' title='bbox 887 2680 1225 2753; x_wconf 85' lang='lat' dir='ltr'><strong>illustravit,</strong></span> <span class='ocrx_word' id='word_1_110' title='bbox 1294 2702 1475 2762; x_wconf 83' lang='lat' dir='ltr'><strong>quare</strong></span> <span class='ocrx_word' id='word_1_111' title='bbox 1529 2683 1592 2741; x_wconf 90' lang='lat' dir='ltr'><strong>in</strong></span> <span class='ocrx_word' id='word_1_112' title='bbox 1651 2681 2099 2761; x_wconf 81' lang='lat' dir='ltr'><strong>quaestionibus</strong></span> <span class='ocrx_word' id='word_1_113' title='bbox 2160 2682 2237 2743; x_wconf 89' lang='lat' dir='ltr'><strong>de</strong></span> <span class='ocrx_word' id='word_1_114' title='bbox 2298 2681 2454 2743; x_wconf 86' lang='lat' dir='ltr'><strong>flora</strong></span> <span class='ocrx_word' id='word_1_115' title='bbox 2510 2681 2743 2743; x_wconf 79' lang='lat' dir='ltr'><strong>Graeca</strong></span> 
     </span>
     <span class='ocr_line' id='line_1_15' title="bbox 253 2768 2745 2849; baseline -0.001 -20"><span class='ocrx_word' id='word_1_116' title='bbox 253 2770 534 2830; x_wconf 81' lang='lat' dir='ltr'><strong>faciendis</strong></span> <span class='ocrx_word' id='word_1_117' title='bbox 591 2788 824 2849; x_wconf 79' lang='lat' dir='ltr'><strong>semper</strong></span> <span class='ocrx_word' id='word_1_118' title='bbox 881 2768 1336 2829; x_wconf 84' lang='lat' dir='ltr'><strong>fundamentum</strong></span> <span class='ocrx_word' id='word_1_119' title='bbox 1379 2768 1550 2847; x_wconf 88' lang='lat' dir='ltr'><strong>quasi</strong></span> <span class='ocrx_word' id='word_1_120' title='bbox 1595 2778 1783 2831; x_wconf 66' lang='lat' dir='ltr'><strong>erunt.</strong></span> <span class='ocrx_word' id='word_1_121' title='bbox 1858 2768 2011 2829; x_wconf 85' lang='lat' dir='ltr'><strong>Plus</strong></span> <span class='ocrx_word' id='word_1_122' title='bbox 2061 2772 2228 2833; x_wconf 83' lang='lat'>1000</span> <span class='ocrx_word' id='word_1_123' title='bbox 2274 2769 2496 2849; x_wconf 79' lang='lat' dir='ltr'><strong>species</strong></span> <span class='ocrx_word' id='word_1_124' title='bbox 2539 2768 2603 2828; x_wconf 89' lang='lat' dir='ltr'><strong>in</strong></span> <span class='ocrx_word' id='word_1_125' title='bbox 2648 2768 2745 2827; x_wconf 85' lang='lat' dir='ltr'><strong>his</strong></span> 
     </span>
     <span class='ocr_line' id='line_1_16' title="bbox 249 2852 2432 2936; baseline 0 -20"><span class='ocrx_word' id='word_1_126' title='bbox 249 2856 414 2917; x_wconf 88' lang='lat' dir='ltr'><strong>libris</strong></span> <span class='ocrx_word' id='word_1_127' title='bbox 458 2864 878 2919; x_wconf 78' lang='lat' dir='ltr'><strong>enumerantur</strong></span> <span class='ocrx_word' id='word_1_128' title='bbox 921 2864 1094 2935; x_wconf 85' lang='lat' dir='ltr'><strong>atque</strong></span> <span class='ocrx_word' id='word_1_129' title='bbox 1137 2855 1352 2935; x_wconf 81' lang='lat' dir='ltr'><strong>partim</strong></span> <span class='ocrx_word' id='word_1_130' title='bbox 1396 2854 1804 2915; x_wconf 84' lang='lat' dir='ltr'><strong>describuntur</strong></span> <span class='ocrx_word' id='word_1_131' title='bbox 1847 2856 1973 2915; x_wconf 87' lang='lat' dir='ltr'><strong>sive</strong></span> <span class='ocrx_word' id='word_1_132' title='bbox 2016 2852 2432 2936; x_wconf 81' lang='lat' dir='ltr'><strong>depinguntur.</strong></span> 
     </span>
    </p>

    <p class='ocr_par' dir='ltr' id='par_1_6' title="bbox 246 2940 2751 4233">
     <span class='ocr_line' id='line_1_17' title="bbox 423 2940 2747 3022; baseline -0.001 -19"><span class='ocrx_word' id='word_1_133' title='bbox 423 2941 908 3020; x_wconf 71' lang='lat' dir='ltr'><strong>QuaestionibuS,</strong></span> <span class='ocrx_word' id='word_1_134' title='bbox 961 2961 1112 3022; x_wconf 89' lang='lat' dir='ltr'><strong>quae</strong></span> <span class='ocrx_word' id='word_1_135' title='bbox 1163 2962 1238 3002; x_wconf 85' lang='lat' dir='ltr'><strong>ex</strong></span> <span class='ocrx_word' id='word_1_136' title='bbox 1290 2940 1393 3001; x_wconf 91' lang='lat' dir='ltr'><strong>illo</strong></span> <span class='ocrx_word' id='word_1_137' title='bbox 1447 2950 1708 3020; x_wconf 83' lang='lat' dir='ltr'><strong>tempore</strong></span> <span class='ocrx_word' id='word_1_138' title='bbox 1766 2942 2073 3003; x_wconf 80' lang='lat' dir='ltr'><strong>institutae</strong></span> <span class='ocrx_word' id='word_1_139' title='bbox 2130 2950 2287 3015; x_wconf 65' lang='lat' dir='ltr'><strong>sunt,</strong></span> <span class='ocrx_word' id='word_1_140' title='bbox 2352 2950 2413 3002; x_wconf 88' lang='lat' dir='ltr'><strong>et</strong></span> <span class='ocrx_word' id='word_1_141' title='bbox 2462 2960 2747 3001; x_wconf 83' lang='lat' dir='ltr'><strong>numerus</strong></span> 
     </span>
     <span class='ocr_line' id='line_1_18' title="bbox 247 3026 2743 3108; baseline -0.001 -19"><span class='ocrx_word' id='word_1_142' title='bbox 247 3030 344 3089; x_wconf 89' lang='lat' dir='ltr'><strong>hic</strong></span> <span class='ocrx_word' id='word_1_143' title='bbox 389 3028 580 3089; x_wconf 88' lang='lat' dir='ltr'><strong>multo</strong></span> <span class='ocrx_word' id='word_1_144' title='bbox 623 3038 832 3089; x_wconf 85' lang='lat' dir='ltr'><strong>auctus</strong></span> <span class='ocrx_word' id='word_1_145' title='bbox 888 3038 982 3089; x_wconf 88' lang='lat' dir='ltr'><strong>est</strong></span> <span class='ocrx_word' id='word_1_146' title='bbox 1036 3040 1096 3089; x_wconf 91' lang='lat' dir='ltr'><strong>et</strong></span> <span class='ocrx_word' id='word_1_147' title='bbox 1146 3026 1474 3088; x_wconf 81' lang='lat' dir='ltr'><strong>nonnullae</strong></span> <span class='ocrx_word' id='word_1_148' title='bbox 1528 3030 1904 3089; x_wconf 49' lang='lat' dir='ltr'><strong>mactationes</strong></span> <span class='ocrx_word' id='word_1_149' title='bbox 1956 3030 2223 3108; x_wconf 79' lang='lat' dir='ltr'><strong>egregiae</strong></span> <span class='ocrx_word' id='word_1_150' title='bbox 2266 3029 2543 3089; x_wconf 69' lang='lat' dir='ltr'><strong>incitatae</strong></span> <span class='ocrx_word' id='word_1_151' title='bbox 2586 3034 2743 3087; x_wconf 82' lang='lat' dir='ltr'><strong>sunt.</strong></span> 
     </span>
     <span class='ocr_line' id='line_1_19' title="bbox 248 3114 2745 3194; baseline -0 -19"><span class='ocrx_word' id='word_1_152' title='bbox 248 3116 426 3193; x_wconf 79' lang='lat' dir='ltr'><strong>Quae</strong></span> <span class='ocrx_word' id='word_1_153' title='bbox 480 3135 556 3175; x_wconf 83' lang='lat' dir='ltr'><strong>ex</strong></span> <span class='ocrx_word' id='word_1_154' title='bbox 609 3114 1064 3193; x_wconf 84' lang='lat' dir='ltr'><strong>quaestionibus,</strong></span> <span class='ocrx_word' id='word_1_155' title='bbox 1134 3135 1284 3193; x_wconf 88' lang='lat' dir='ltr'><strong>quae</strong></span> <span class='ocrx_word' id='word_1_156' title='bbox 1343 3134 1532 3194; x_wconf 87' lang='lat' dir='ltr'><strong>usque</strong></span> <span class='ocrx_word' id='word_1_157' title='bbox 1583 3114 1660 3174; x_wconf 91' lang='lat' dir='ltr'><strong>ad</strong></span> <span class='ocrx_word' id='word_1_158' title='bbox 1718 3132 1943 3175; x_wconf 85' lang='lat' dir='ltr'><strong>annum</strong></span> <span class='ocrx_word' id='word_1_159' title='bbox 2008 3119 2176 3178; x_wconf 79' lang='lat'>1880</span> <span class='ocrx_word' id='word_1_160' title='bbox 2232 3116 2537 3176; x_wconf 77' lang='lat' dir='ltr'><strong>institutae</strong></span> <span class='ocrx_word' id='word_1_161' title='bbox 2587 3120 2745 3185; x_wconf 72' lang='lat' dir='ltr'><strong>mut,</strong></span> 
     </span>
     <span class='ocr_line' id='line_1_20' title="bbox 246 3200 2747 3281; baseline -0.001 -19"><span class='ocrx_word' id='word_1_162' title='bbox 246 3202 614 3273; x_wconf 80' lang='lat' dir='ltr'><strong>efficiuntur,</strong></span> <span class='ocrx_word' id='word_1_163' title='bbox 681 3202 936 3261; x_wconf 83' lang='lat' dir='ltr'><strong>maxima</strong></span> <span class='ocrx_word' id='word_1_164' title='bbox 1003 3201 1236 3280; x_wconf 88' lang='lat' dir='ltr'><strong>quidem</strong></span> <span class='ocrx_word' id='word_1_165' title='bbox 1295 3222 1370 3262; x_wconf 82' lang='lat' dir='ltr'><strong>ex</strong></span> <span class='ocrx_word' id='word_1_166' title='bbox 1429 3210 1592 3281; x_wconf 85' lang='lat' dir='ltr'><strong>parte</strong></span> <span class='ocrx_word' id='word_1_167' title='bbox 1652 3201 1715 3261; x_wconf 88' lang='lat' dir='ltr'><strong>in</strong></span> <span class='ocrx_word' id='word_1_168' title='bbox 1772 3201 2067 3263; x_wconf 86' lang='lat' dir='ltr'><strong>Boissierii</strong></span> <span class='ocrx_word' id='word_1_169' title='bbox 2124 3200 2277 3263; x_wconf 81' lang='lat' dir='ltr'><strong>libro</strong></span> <span class='ocrx_word' id='word_1_170' title='bbox 2340 3202 2573 3281; x_wconf 80' lang='lat' dir='ltr'><strong>insigni,</strong></span> <span class='ocrx_word' id='word_1_171' title='bbox 2644 3201 2747 3281; x_wconf 88' lang='lat' dir='ltr'><strong>qui</strong></span> 
     </span>
     <span class='ocr_line' id='line_1_21' title="bbox 251 3285 2745 3368; baseline -0.001 -17.959"><span class='ocrx_word' id='word_1_172' title='bbox 251 3288 470 3359; x_wconf 88' lang='lat' dir='ltr'><strong>,Flora</strong></span> <span class='ocrx_word' id='word_1_173' title='bbox 514 3287 843 3347; x_wconf 81' lang='lat' dir='ltr'><strong>orientalis“</strong></span> <span class='ocrx_word' id='word_1_174' title='bbox 901 3287 1254 3359; x_wconf 83' lang='lat' dir='ltr'><strong>inscribitur,</strong></span> <span class='ocrx_word' id='word_1_175' title='bbox 1313 3285 1576 3360; x_wconf 83' lang='lat' dir='ltr'><strong>collecta,</strong></span> <span class='ocrx_word' id='word_1_176' title='bbox 1633 3286 1739 3352; x_wconf 87' lang='lat' dir='ltr'><strong>sed</strong></span> <span class='ocrx_word' id='word_1_177' title='bbox 1798 3298 2035 3368; x_wconf 86' lang='lat' dir='ltr'><strong>propter</strong></span> <span class='ocrx_word' id='word_1_178' title='bbox 2091 3289 2317 3368; x_wconf 88' lang='lat' dir='ltr'><strong>copiam</strong></span> <span class='ocrx_word' id='word_1_179' title='bbox 2364 3290 2641 3349; x_wconf 81' lang='lat' dir='ltr'><strong>materiae</strong></span> <span class='ocrx_word' id='word_1_180' title='bbox 2682 3288 2745 3347; x_wconf 90' lang='lat' dir='ltr'><strong>in</strong></span> 
     </span>
     <span class='ocr_line' id='line_1_22' title="bbox 255 3370 2745 3453; baseline 0.001 -20"><span class='ocrx_word' id='word_1_181' title='bbox 255 3376 362 3435; x_wconf 85' lang='lat' dir='ltr'><strong>hoc</strong></span> <span class='ocrx_word' id='word_1_182' title='bbox 405 3370 556 3435; x_wconf 89' lang='lat' dir='ltr'><strong>libro</strong></span> <span class='ocrx_word' id='word_1_183' title='bbox 599 3383 878 3435; x_wconf 84' lang='lat' dir='ltr'><strong>tractatae</strong></span> <span class='ocrx_word' id='word_1_184' title='bbox 921 3374 1005 3434; x_wconf 90' lang='lat' dir='ltr'><strong>ita</strong></span> <span class='ocrx_word' id='word_1_185' title='bbox 1049 3372 1333 3453; x_wconf 88' lang='lat' dir='ltr'><strong>dissipata</strong></span> <span class='ocrx_word' id='word_1_186' title='bbox 1377 3384 1532 3445; x_wconf 78' lang='lat' dir='ltr'><strong>sunt,</strong></span> <span class='ocrx_word' id='word_1_187' title='bbox 1578 3385 1647 3434; x_wconf 90' lang='lat' dir='ltr'><strong>ut</strong></span> <span class='ocrx_word' id='word_1_188' title='bbox 1690 3394 1881 3435; x_wconf 87' lang='lat' dir='ltr'><strong>rerum</strong></span> <span class='ocrx_word' id='word_1_189' title='bbox 1926 3384 2160 3447; x_wconf 86' lang='lat' dir='ltr'><strong>statum,</strong></span> <span class='ocrx_word' id='word_1_190' title='bbox 2206 3375 2365 3453; x_wconf 88' lang='lat' dir='ltr'><strong>quod</strong></span> <span class='ocrx_word' id='word_1_191' title='bbox 2410 3374 2490 3435; x_wconf 87' lang='lat' dir='ltr'><strong>ad</strong></span> <span class='ocrx_word' id='word_1_192' title='bbox 2530 3373 2745 3435; x_wconf 78' lang='lat' dir='ltr'><strong>floram</strong></span> 
     </span>
     <span class='ocr_line' id='line_1_23' title="bbox 265 3458 2744 3541; baseline 0 -21"><span class='ocrx_word' id='word_1_193' title='bbox 265 3458 542 3520; x_wconf 85' lang='lat' dir='ltr'><strong>Graecam</strong></span> <span class='ocrx_word' id='word_1_194' title='bbox 591 3462 818 3531; x_wconf 80' lang='lat' dir='ltr'><strong>attinet,</strong></span> <span class='ocrx_word' id='word_1_195' title='bbox 863 3459 1058 3540; x_wconf 88' lang='lat' dir='ltr'><strong>qualis</strong></span> <span class='ocrx_word' id='word_1_196' title='bbox 1099 3480 1264 3521; x_wconf 84' lang='lat' dir='ltr'><strong>nunc</strong></span> <span class='ocrx_word' id='word_1_197' title='bbox 1291 3461 1384 3533; x_wconf 84' lang='lat' dir='ltr'><strong>sit,</strong></span> <span class='ocrx_word' id='word_1_198' title='bbox 1429 3461 1544 3520; x_wconf 86' lang='lat' dir='ltr'><strong>nisi</strong></span> <span class='ocrx_word' id='word_1_199' title='bbox 1576 3460 1929 3523; x_wconf 76' lang='lat' dir='ltr'><strong>difficillime</strong></span> <span class='ocrx_word' id='word_1_200' title='bbox 1972 3481 2091 3521; x_wconf 90' lang='lat' dir='ltr'><strong>non</strong></span> <span class='ocrx_word' id='word_1_201' title='bbox 2136 3480 2485 3541; x_wconf 76' lang='lat' dir='ltr'><strong>cognoscere</strong></span> <span class='ocrx_word' id='word_1_202' title='bbox 2526 3461 2744 3540; x_wconf 87' lang='lat' dir='ltr'><strong>possis;</strong></span> 
     </span>
     <span class='ocr_line' id='line_1_24' title="bbox 260 3545 2749 3627; baseline 0 -21"><span class='ocrx_word' id='word_1_203' title='bbox 260 3556 552 3626; x_wconf 87' lang='lat' dir='ltr'><strong>praeterea</strong></span> <span class='ocrx_word' id='word_1_204' title='bbox 595 3567 672 3606; x_wconf 83' lang='lat' dir='ltr'><strong>ex</strong></span> <span class='ocrx_word' id='word_1_205' title='bbox 717 3556 990 3627; x_wconf 88' lang='lat' dir='ltr'><strong>tempore,</strong></span> <span class='ocrx_word' id='word_1_206' title='bbox 1037 3566 1156 3627; x_wconf 90' lang='lat' dir='ltr'><strong>quo</strong></span> <span class='ocrx_word' id='word_1_207' title='bbox 1200 3546 1300 3608; x_wconf 89' lang='lat' dir='ltr'><strong>ille</strong></span> <span class='ocrx_word' id='word_1_208' title='bbox 1343 3545 1492 3609; x_wconf 88' lang='lat' dir='ltr'><strong>liber</strong></span> <span class='ocrx_word' id='word_1_209' title='bbox 1525 3550 1781 3627; x_wconf 84' lang='lat' dir='ltr'><strong>scriptus</strong></span> <span class='ocrx_word' id='word_1_210' title='bbox 1809 3560 1915 3619; x_wconf 88' lang='lat' dir='ltr'><strong>est,</strong></span> <span class='ocrx_word' id='word_1_211' title='bbox 1961 3548 2333 3627; x_wconf 75' lang='lat' dir='ltr'><strong>quaestiones</strong></span> <span class='ocrx_word' id='word_1_212' title='bbox 2364 3549 2423 3607; x_wconf 91' lang='lat' dir='ltr'><strong>in</strong></span> <span class='ocrx_word' id='word_1_213' title='bbox 2454 3548 2567 3608; x_wconf 73' lang='lat' dir='ltr'><strong>hac</strong></span> <span class='ocrx_word' id='word_1_214' title='bbox 2596 3556 2749 3607; x_wconf 82' lang='lat' dir='ltr'><strong>terra</strong></span> 
     </span>
     <span class='ocr_line' id='line_1_25' title="bbox 256 3632 2749 3714; baseline 0 -21"><span class='ocrx_word' id='word_1_215' title='bbox 256 3632 712 3712; x_wconf 82' lang='lat' dir='ltr'><strong>pervestiganda</strong></span> <span class='ocrx_word' id='word_1_216' title='bbox 757 3652 876 3692; x_wconf 90' lang='lat' dir='ltr'><strong>non</strong></span> <span class='ocrx_word' id='word_1_217' title='bbox 907 3632 1178 3713; x_wconf 87' lang='lat' dir='ltr'><strong>paullum</strong></span> <span class='ocrx_word' id='word_1_218' title='bbox 1209 3644 1629 3713; x_wconf 78' lang='lat' dir='ltr'><strong>processerunt,</strong></span> <span class='ocrx_word' id='word_1_219' title='bbox 1674 3645 1743 3694; x_wconf 81' lang='lat' dir='ltr'><strong>ut</strong></span> <span class='ocrx_word' id='word_1_220' title='bbox 1770 3654 1893 3695; x_wconf 85' lang='lat' dir='ltr'><strong>non</strong></span> <span class='ocrx_word' id='word_1_221' title='bbox 1928 3634 2207 3714; x_wconf 84' lang='lat' dir='ltr'><strong>indignae</strong></span> <span class='ocrx_word' id='word_1_222' title='bbox 2250 3654 2379 3695; x_wconf 87' lang='lat' dir='ltr'><strong>esse</strong></span> <span class='ocrx_word' id='word_1_223' title='bbox 2424 3632 2749 3706; x_wconf 81' lang='lat' dir='ltr'><strong>videantur,</strong></span> 
     </span>
     <span class='ocr_line' id='line_1_26' title="bbox 253 3718 2749 3801; baseline 0 -22"><span class='ocrx_word' id='word_1_224' title='bbox 253 3738 414 3801; x_wconf 87' lang='lat' dir='ltr'><strong>quae</strong></span> <span class='ocrx_word' id='word_1_225' title='bbox 456 3719 1042 3800; x_wconf 87' lang='lat' dir='ltr'><strong>comprehendantur.</strong></span> <span class='ocrx_word' id='word_1_226' title='bbox 1133 3720 1336 3797; x_wconf 73' lang='lat' dir='ltr'><strong>Quare</strong></span> <span class='ocrx_word' id='word_1_227' title='bbox 1393 3721 1486 3780; x_wconf 83' lang='lat' dir='ltr'><strong>ius</strong></span> <span class='ocrx_word' id='word_1_228' title='bbox 1529 3720 1671 3781; x_wconf 85' lang='lat' dir='ltr'><strong>mihi</strong></span> <span class='ocrx_word' id='word_1_229' title='bbox 1716 3718 1921 3781; x_wconf 87' lang='lat' dir='ltr'><strong>datum</strong></span> <span class='ocrx_word' id='word_1_230' title='bbox 1981 3742 2109 3781; x_wconf 86' lang='lat' dir='ltr'><strong>esse</strong></span> <span class='ocrx_word' id='word_1_231' title='bbox 2152 3730 2313 3799; x_wconf 83' lang='lat' dir='ltr'><strong>puto,</strong></span> <span class='ocrx_word' id='word_1_232' title='bbox 2368 3730 2439 3781; x_wconf 81' lang='lat' dir='ltr'><strong>ut</strong></span> <span class='ocrx_word' id='word_1_233' title='bbox 2481 3720 2641 3780; x_wconf 87' lang='lat' dir='ltr'><strong>hunc</strong></span> <span class='ocrx_word' id='word_1_234' title='bbox 2681 3718 2749 3779; x_wconf 80' lang='lat' dir='ltr'><strong>li-</strong></span> 
     </span>
     <span class='ocr_line' id='line_1_27' title="bbox 254 3804 2747 3887; baseline 0 -20"><span class='ocrx_word' id='word_1_235' title='bbox 254 3804 504 3877; x_wconf 86' lang='lat' dir='ltr'><strong>bellum,</strong></span> <span class='ocrx_word' id='word_1_236' title='bbox 564 3806 624 3865; x_wconf 91' lang='lat' dir='ltr'><strong>in</strong></span> <span class='ocrx_word' id='word_1_237' title='bbox 669 3826 787 3885; x_wconf 92' lang='lat' dir='ltr'><strong>quo</strong></span> <span class='ocrx_word' id='word_1_238' title='bbox 831 3806 906 3866; x_wconf 92' lang='lat' dir='ltr'><strong>de</strong></span> <span class='ocrx_word' id='word_1_239' title='bbox 951 3804 1230 3869; x_wconf 81' lang='lat' dir='ltr'><strong>Graeciae</strong></span> <span class='ocrx_word' id='word_1_240' title='bbox 1281 3808 1462 3886; x_wconf 80' lang='lat' dir='ltr'><strong>ipsius</strong></span> <span class='ocrx_word' id='word_1_241' title='bbox 1515 3806 1670 3867; x_wconf 88' lang='lat' dir='ltr'><strong>flora</strong></span> <span class='ocrx_word' id='word_1_242' title='bbox 1726 3808 1935 3887; x_wconf 82' lang='lat' dir='ltr'><strong>agitur,</strong></span> <span class='ocrx_word' id='word_1_243' title='bbox 1990 3807 2177 3879; x_wconf 88' lang='lat' dir='ltr'><strong>edam,</strong></span> <span class='ocrx_word' id='word_1_244' title='bbox 2234 3808 2567 3887; x_wconf 75' lang='lat' dir='ltr'><strong>praesertim</strong></span> <span class='ocrx_word' id='word_1_245' title='bbox 2612 3824 2747 3867; x_wconf 79' lang='lat' dir='ltr'><strong>cum</strong></span> 
     </span>
     <span class='ocr_line' id='line_1_28' title="bbox 261 3890 2749 3973; baseline 0.001 -22"><span class='ocrx_word' id='word_1_246' title='bbox 261 3893 372 3952; x_wconf 87' lang='lat' dir='ltr'><strong>iam</strong></span> <span class='ocrx_word' id='word_1_247' title='bbox 417 3892 564 3953; x_wconf 85' lang='lat' dir='ltr'><strong>satis</strong></span> <span class='ocrx_word' id='word_1_248' title='bbox 607 3890 822 3953; x_wconf 88' lang='lat' dir='ltr'><strong>multos</strong></span> <span class='ocrx_word' id='word_1_249' title='bbox 868 3912 1058 3953; x_wconf 88' lang='lat' dir='ltr'><strong>annos</strong></span> <span class='ocrx_word' id='word_1_250' title='bbox 1088 3894 1226 3953; x_wconf 89' lang='lat' dir='ltr'><strong>huic</strong></span> <span class='ocrx_word' id='word_1_251' title='bbox 1271 3892 1478 3953; x_wconf 85' lang='lat' dir='ltr'><strong>florae</strong></span> <span class='ocrx_word' id='word_1_252' title='bbox 1499 3914 1734 3973; x_wconf 85' lang='lat' dir='ltr'><strong>operam</strong></span> <span class='ocrx_word' id='word_1_253' title='bbox 1774 3894 1939 3971; x_wconf 86' lang='lat' dir='ltr'><strong>dem;</strong></span> <span class='ocrx_word' id='word_1_254' title='bbox 1985 3893 2213 3963; x_wconf 86' lang='lat' dir='ltr'><strong>deinde,</strong></span> <span class='ocrx_word' id='word_1_255' title='bbox 2258 3914 2393 3954; x_wconf 86' lang='lat' dir='ltr'><strong>cum</strong></span> <span class='ocrx_word' id='word_1_256' title='bbox 2437 3892 2749 3955; x_wconf 68' lang='lat' dir='ltr'><strong>herbarum</strong></span> 
     </span>
     <span class='ocr_line' id='line_1_29' title="bbox 269 3980 2749 4061; baseline 0 -23"><span class='ocrx_word' id='word_1_257' title='bbox 269 3980 584 4050; x_wconf 85' lang='lat' dir='ltr'><strong>materiam,</strong></span> <span class='ocrx_word' id='word_1_258' title='bbox 636 3998 813 4058; x_wconf 88' lang='lat' dir='ltr'><strong>quam</strong></span> <span class='ocrx_word' id='word_1_259' title='bbox 862 3980 1316 4059; x_wconf 81' lang='lat' dir='ltr'><strong>copiosissimam</strong></span> <span class='ocrx_word' id='word_1_260' title='bbox 1361 3980 1719 4060; x_wconf 85' lang='lat' dir='ltr'><strong>possideam,</strong></span> <span class='ocrx_word' id='word_1_261' title='bbox 1782 3980 2050 4061; x_wconf 88' lang='lat' dir='ltr'><strong>denique,</strong></span> <span class='ocrx_word' id='word_1_262' title='bbox 2113 4001 2249 4041; x_wconf 88' lang='lat' dir='ltr'><strong>cum</strong></span> <span class='ocrx_word' id='word_1_263' title='bbox 2308 3982 2433 4059; x_wconf 82' lang='lat' dir='ltr'><strong>ipse</strong></span> <span class='ocrx_word' id='word_1_264' title='bbox 2484 3981 2545 4040; x_wconf 88' lang='lat' dir='ltr'><strong>in</strong></span> <span class='ocrx_word' id='word_1_265' title='bbox 2590 4000 2749 4061; x_wconf 85' lang='lat' dir='ltr'><strong>pere-</strong></span> 
     </span>
     <span class='ocr_line' id='line_1_30' title="bbox 269 4064 2751 4147; baseline 0.001 -23"><span class='ocrx_word' id='word_1_266' title='bbox 269 4064 689 4143; x_wconf 87' lang='lat' dir='ltr'><strong>grinationibus</strong></span> <span class='ocrx_word' id='word_1_267' title='bbox 746 4064 906 4125; x_wconf 89' lang='lat' dir='ltr'><strong>haud</strong></span> <span class='ocrx_word' id='word_1_268' title='bbox 963 4086 1210 4145; x_wconf 85' lang='lat' dir='ltr'><strong>parvam</strong></span> <span class='ocrx_word' id='word_1_269' title='bbox 1262 4066 1440 4127; x_wconf 88' lang='lat' dir='ltr'><strong>huius</strong></span> <span class='ocrx_word' id='word_1_270' title='bbox 1497 4076 1683 4127; x_wconf 84' lang='lat' dir='ltr'><strong>terrae</strong></span> <span class='ocrx_word' id='word_1_271' title='bbox 1727 4078 1949 4146; x_wconf 87' lang='lat' dir='ltr'><strong>partem</strong></span> <span class='ocrx_word' id='word_1_272' title='bbox 1994 4067 2373 4145; x_wconf 83' lang='lat' dir='ltr'><strong>cognoverim</strong></span> <span class='ocrx_word' id='word_1_273' title='bbox 2430 4076 2605 4147; x_wconf 83' lang='lat' dir='ltr'><strong>atque</strong></span> <span class='ocrx_word' id='word_1_274' title='bbox 2657 4066 2751 4126; x_wconf 89' lang='lat' dir='ltr'><strong>his</strong></span> 
     </span>
     <span class='ocr_line' id='line_1_31' title="bbox 270 4150 2187 4233; baseline 0.003 -25"><span class='ocrx_word' id='word_1_275' title='bbox 270 4170 343 4209; x_wconf 82' lang='lat' dir='ltr'><strong>ex</strong></span> <span class='ocrx_word' id='word_1_276' title='bbox 381 4152 571 4212; x_wconf 83' lang='lat' dir='ltr'><strong>causis</strong></span> <span class='ocrx_word' id='word_1_277' title='bbox 615 4150 1010 4230; x_wconf 88' lang='lat' dir='ltr'><strong>cognitionem</strong></span> <span class='ocrx_word' id='word_1_278' title='bbox 1056 4152 1234 4227; x_wconf 83' lang='lat' dir='ltr'><strong>huius</strong></span> <span class='ocrx_word' id='word_1_279' title='bbox 1278 4152 1461 4213; x_wconf 83' lang='lat' dir='ltr'><strong>florae</strong></span> <span class='ocrx_word' id='word_1_280' title='bbox 1505 4172 1841 4233; x_wconf 84' lang='lat' dir='ltr'><strong>comparare</strong></span> <span class='ocrx_word' id='word_1_281' title='bbox 1887 4155 2187 4233; x_wconf 85' lang='lat' dir='ltr'><strong>potuerim.</strong></span> 
     </span>
    </p>

    <p class='ocr_par' dir='ltr' id='par_1_7' title="bbox 264 4236 2753 4580">
     <span class='ocr_line' id='line_1_32' title="bbox 434 4236 2751 4320; baseline 0 -21"><span class='ocrx_word' id='word_1_282' title='bbox 434 4236 614 4315; x_wconf 72' lang='lat' dir='ltr'><strong>Quod</strong></span> <span class='ocrx_word' id='word_1_283' title='bbox 659 4236 736 4299; x_wconf 86' lang='lat' dir='ltr'><strong>ad</strong></span> <span class='ocrx_word' id='word_1_284' title='bbox 775 4238 1214 4317; x_wconf 87' lang='lat' dir='ltr'><strong>dispositionem</strong></span> <span class='ocrx_word' id='word_1_285' title='bbox 1247 4241 1518 4299; x_wconf 87' lang='lat' dir='ltr'><strong>materiae</strong></span> <span class='ocrx_word' id='word_1_286' title='bbox 1547 4241 1813 4319; x_wconf 59' lang='lat' dir='ltr'><strong>pertinet,</strong></span> <span class='ocrx_word' id='word_1_287' title='bbox 1859 4240 2284 4320; x_wconf 83' lang='lat' dir='ltr'><strong>dispositione</strong></span> <span class='ocrx_word' id='word_1_288' title='bbox 2270 4262 2334 4301; x_wconf 88' lang='grc' dir='ltr'><strong>ιιι</strong></span> <span class='ocrx_word' id='word_1_289' title='bbox 2364 4238 2751 4301; x_wconf 84' lang='lat' dir='ltr'><strong>Decandollei</strong></span> 
     </span>
     <span class='ocr_line' id='line_1_33' title="bbox 269 4321 2753 4407; baseline 0 -22"><span class='ocrx_word' id='word_1_290' title='bbox 269 4324 643 4402; x_wconf 83' lang='lat' dir='ltr'><strong>‚,prodromo“</strong></span> <span class='ocrx_word' id='word_1_291' title='bbox 687 4321 958 4385; x_wconf 86' lang='lat' dir='ltr'><strong>adhibita</strong></span> <span class='ocrx_word' id='word_1_292' title='bbox 998 4346 1141 4387; x_wconf 80' lang='lat' dir='ltr'><strong>usus</strong></span> <span class='ocrx_word' id='word_1_293' title='bbox 1185 4346 1318 4387; x_wconf 87' lang='lat' dir='ltr'><strong>sum</strong></span> <span class='ocrx_word' id='word_1_294' title='bbox 1363 4346 1502 4397; x_wconf 88' lang='lat' dir='ltr'><strong>non,</strong></span> <span class='ocrx_word' id='word_1_295' title='bbox 1548 4326 1709 4406; x_wconf 89' lang='lat' dir='ltr'><strong>quod</strong></span> <span class='ocrx_word' id='word_1_296' title='bbox 1738 4327 2019 4387; x_wconf 78' lang='lat' dir='ltr'><strong>rationem</strong></span> <span class='ocrx_word' id='word_1_297' title='bbox 2064 4328 2123 4385; x_wconf 92' lang='lat' dir='ltr'><strong>in</strong></span> <span class='ocrx_word' id='word_1_298' title='bbox 2169 4346 2343 4407; x_wconf 86' lang='lat' dir='ltr'><strong>opere</strong></span> <span class='ocrx_word' id='word_1_299' title='bbox 2386 4324 2489 4387; x_wconf 87' lang='lat' dir='ltr'><strong>illo</strong></span> <span class='ocrx_word' id='word_1_300' title='bbox 2530 4326 2753 4405; x_wconf 78' lang='lat' dir='ltr'><strong>gravis·-</strong></span> 
     </span>
     <span class='ocr_line' id='line_1_34' title="bbox 269 4411 2753 4493; baseline 0.002 -25"><span class='ocrx_word' id='word_1_301' title='bbox 269 4411 410 4472; x_wconf 84' lang='lat' dir='ltr'><strong>simo</strong></span> <span class='ocrx_word' id='word_1_302' title='bbox 459 4411 786 4474; x_wconf 85' lang='lat' dir='ltr'><strong>adhibitam</strong></span> <span class='ocrx_word' id='word_1_303' title='bbox 843 4412 1228 4473; x_wconf 82' lang='lat' dir='ltr'><strong>rectissimam</strong></span> <span class='ocrx_word' id='word_1_304' title='bbox 1283 4412 1797 4493; x_wconf 85' lang='lat' dir='ltr'><strong>phylogenetieam</strong></span> <span class='ocrx_word' id='word_1_305' title='bbox 1854 4434 1983 4475; x_wconf 86' lang='lat' dir='ltr'><strong>esse</strong></span> <span class='ocrx_word' id='word_1_306' title='bbox 2039 4424 2257 4493; x_wconf 79' lang='lat' dir='ltr'><strong>putem,</strong></span> <span class='ocrx_word' id='word_1_307' title='bbox 2316 4413 2421 4473; x_wconf 84' lang='lat' dir='ltr'><strong>sed</strong></span> <span class='ocrx_word' id='word_1_308' title='bbox 2482 4412 2753 4473; x_wconf 82' lang='lat' dir='ltr'><strong>utilitatis</strong></span> 
     </span>
     <span class='ocr_line' id='line_1_35' title="bbox 264 4498 2753 4580; baseline 0.001 -23"><span class='ocrx_word' id='word_1_309' title='bbox 264 4516 456 4570; x_wconf 85' lang='lat' dir='ltr'><strong>causa,</strong></span> <span class='ocrx_word' id='word_1_310' title='bbox 500 4510 568 4560; x_wconf 89' lang='lat' dir='ltr'><strong>ut</strong></span> <span class='ocrx_word' id='word_1_311' title='bbox 610 4500 694 4559; x_wconf 87' lang='lat' dir='ltr'><strong>ita</strong></span> <span class='ocrx_word' id='word_1_312' title='bbox 724 4498 934 4571; x_wconf 90' lang='lat' dir='ltr'><strong>dicam,</strong></span> <span class='ocrx_word' id='word_1_313' title='bbox 981 4519 1116 4559; x_wconf 89' lang='lat' dir='ltr'><strong>cum</strong></span> <span class='ocrx_word' id='word_1_314' title='bbox 1147 4500 1292 4560; x_wconf 88' lang='lat' dir='ltr'><strong>haec</strong></span> <span class='ocrx_word' id='word_1_315' title='bbox 1323 4500 1626 4580; x_wconf 82' lang='lat' dir='ltr'><strong>dispositio</strong></span> <span class='ocrx_word' id='word_1_316' title='bbox 1656 4500 1915 4561; x_wconf 79' lang='lat' dir='ltr'><strong>maxime</strong></span> <span class='ocrx_word' id='word_1_317' title='bbox 1944 4500 2291 4579; x_wconf 84' lang='lat' dir='ltr'><strong>pervulgata</strong></span> <span class='ocrx_word' id='word_1_318' title='bbox 2321 4500 2411 4561; x_wconf 87' lang='lat' dir='ltr'><strong>sit.</strong></span> <span class='ocrx_word' id='word_1_319' title='bbox 2480 4498 2753 4561; x_wconf 83' lang='lat' dir='ltr'><strong>Ceterum</strong></span> 
     </span>
    </p>

    <p class='ocr_par' dir='ltr' id='par_1_8' title="bbox 364 4618 2395 4680">
     <span class='ocr_line' id='line_1_36' title="bbox 364 4618 2395 4680; baseline -0 -14"><span class='ocrx_word' id='word_1_320' title='bbox 364 4635 408 4669; x_wconf 71' lang='lat' dir='ltr'><strong>v,</strong></span> <span class='ocrx_word' id='word_1_321' title='bbox 433 4624 655 4680; x_wconf 66' lang='lat' dir='ltr'><strong>Halfioey,</strong></span> <span class='ocrx_word' id='word_1_322' title='bbox 682 4624 818 4668; x_wconf 73' lang='lat' dir='ltr'><strong>Flora</strong></span> <span class='ocrx_word' id='word_1_323' title='bbox 845 4624 1032 4668; x_wconf 64' lang='lat' dir='ltr'><strong>Graeca.</strong></span> <span class='ocrx_word' id='word_1_324' title='bbox 1084 4626 1168 4669; x_wconf 86' lang='lat'>111.</span> <span class='ocrx_word' id='word_1_325' title='bbox 2368 4618 2395 4671; x_wconf 95' lang='lat' dir='ltr'><strong>I</strong></span> 
     </span>
    </p>
   </div>
  </div>
 </body>
</html>
