<?xml version="1.0" encoding="UTF-8"?>
<!DOCTYPE html PUBLIC "-//W3C//DTD XHTML 1.0 Transitional//EN"
    "http://www.w3.org/TR/xhtml1/DTD/xhtml1-transitional.dtd">
<html xmlns="http://www.w3.org/1999/xhtml" xml:lang="en" lang="en">
 <head>
  <title>
</title>
<meta http-equiv="Content-Type" content="text/html;charset=utf-8" />
  <meta name='ocr-system' content='tesseract 3.04.00' />
  <meta name='ocr-capabilities' content='ocr_page ocr_carea ocr_par ocr_line ocrx_word'/>
</head>
<body>
  <div class='ocr_page' id='page_1' title='image "./conspectusflora06halgoog_0007.png"; bbox 0 0 3273 5134; ppageno 0'>
   <div class='ocr_carea' id='block_1_1' title="bbox 417 365 1805 422">
    <p class='ocr_par' dir='ltr' id='par_1_1' title="bbox 417 365 1805 422">
     <span class='ocr_line' id='line_1_1' title="bbox 417 365 1805 422; baseline 0.001 -2"><span class='ocrx_word' id='word_1_1' title='bbox 417 365 472 422; x_wconf 92' lang='lat'><strong>11</strong></span> <span class='ocrx_word' id='word_1_2' title='bbox 1535 371 1805 422; x_wconf 74' lang='lat' dir='ltr'><strong>Praefatio.</strong></span> 
     </span>
    </p>
   </div>
   <div class='ocr_carea' id='block_1_2' title="bbox 391 543 2941 4610">
    <p class='ocr_par' dir='ltr' id='par_1_2' title="bbox 417 543 2915 882">
     <span class='ocr_line' id='line_1_2' title="bbox 417 543 2909 623; baseline 0.001 -21"><span class='ocrx_word' id='word_1_3' title='bbox 417 543 482 602; x_wconf 88' lang='lat' dir='ltr'><strong>in</strong></span> <span class='ocrx_word' id='word_1_4' title='bbox 525 543 678 604; x_wconf 85' lang='lat' dir='ltr'><strong>flora</strong></span> <span class='ocrx_word' id='word_1_5' title='bbox 721 543 996 623; x_wconf 75' lang='lat' dir='ltr'><strong>regionis,</strong></span> <span class='ocrx_word' id='word_1_6' title='bbox 1059 544 1108 602; x_wconf 92' lang='lat' dir='ltr'><strong>si</strong></span> <span class='ocrx_word' id='word_1_7' title='bbox 1151 564 1284 604; x_wconf 89' lang='lat' dir='ltr'><strong>cum</strong></span> <span class='ocrx_word' id='word_1_8' title='bbox 1329 543 1463 604; x_wconf 89' lang='lat' dir='ltr'><strong>aliis</strong></span> <span class='ocrx_word' id='word_1_9' title='bbox 1507 544 1951 623; x_wconf 88' lang='lat' dir='ltr'><strong>comparaveris,</strong></span> <span class='ocrx_word' id='word_1_10' title='bbox 2012 553 2130 603; x_wconf 83' lang='lat' dir='ltr'><strong>tam</strong></span> <span class='ocrx_word' id='word_1_11' title='bbox 2174 563 2395 622; x_wconf 82' lang='lat' dir='ltr'><strong>parvae</strong></span> <span class='ocrx_word' id='word_1_12' title='bbox 2439 543 2747 605; x_wconf 88' lang='lat' dir='ltr'><strong>tractanda</strong></span> <span class='ocrx_word' id='word_1_13' title='bbox 2792 564 2909 604; x_wconf 91' lang='lat' dir='ltr'><strong>non</strong></span> 
     </span>
     <span class='ocr_line' id='line_1_3' title="bbox 418 629 2915 710; baseline 0 -20"><span class='ocrx_word' id='word_1_14' title='bbox 418 642 544 690; x_wconf 88' lang='lat' dir='ltr'><strong>tam</strong></span> <span class='ocrx_word' id='word_1_15' title='bbox 589 629 839 690; x_wconf 89' lang='lat' dir='ltr'><strong>multum</strong></span> <span class='ocrx_word' id='word_1_16' title='bbox 885 629 1126 690; x_wconf 81' lang='lat' dir='ltr'><strong>differre</strong></span> <span class='ocrx_word' id='word_1_17' title='bbox 1171 629 1310 690; x_wconf 90' lang='lat' dir='ltr'><strong>mihi</strong></span> <span class='ocrx_word' id='word_1_18' title='bbox 1357 630 1602 702; x_wconf 87' lang='lat' dir='ltr'><strong>videtur,</strong></span> <span class='ocrx_word' id='word_1_19' title='bbox 1648 651 1827 710; x_wconf 90' lang='lat' dir='ltr'><strong>quam</strong></span> <span class='ocrx_word' id='word_1_20' title='bbox 1872 630 2158 691; x_wconf 88' lang='lat' dir='ltr'><strong>rationem</strong></span> <span class='ocrx_word' id='word_1_21' title='bbox 2194 630 2471 709; x_wconf 89' lang='lat' dir='ltr'><strong>sequaris,</strong></span> <span class='ocrx_word' id='word_1_22' title='bbox 2516 650 2651 690; x_wconf 89' lang='lat' dir='ltr'><strong>cum</strong></span> <span class='ocrx_word' id='word_1_23' title='bbox 2681 641 2915 709; x_wconf 88' lang='lat' dir='ltr'><strong>propter</strong></span> 
     </span>
     <span class='ocr_line' id='line_1_4' title="bbox 418 714 2915 796; baseline 0.001 -20"><span class='ocrx_word' id='word_1_24' title='bbox 418 714 667 776; x_wconf 86' lang='lat' dir='ltr'><strong>lacunas</strong></span> <span class='ocrx_word' id='word_1_25' title='bbox 729 727 789 776; x_wconf 91' lang='lat' dir='ltr'><strong>et</strong></span> <span class='ocrx_word' id='word_1_26' title='bbox 845 716 1063 777; x_wconf 88' lang='lat' dir='ltr'><strong>multas</strong></span> <span class='ocrx_word' id='word_1_27' title='bbox 1120 725 1182 776; x_wconf 91' lang='lat' dir='ltr'><strong>et</strong></span> <span class='ocrx_word' id='word_1_28' title='bbox 1236 736 1482 795; x_wconf 89' lang='lat' dir='ltr'><strong>magnas</strong></span> <span class='ocrx_word' id='word_1_29' title='bbox 1541 716 1829 778; x_wconf 82' lang='lat' dir='ltr'><strong>naturalis</strong></span> <span class='ocrx_word' id='word_1_30' title='bbox 1884 716 2247 796; x_wconf 85' lang='lat' dir='ltr'><strong>singulorum</strong></span> <span class='ocrx_word' id='word_1_31' title='bbox 2302 716 2573 776; x_wconf 85' lang='lat' dir='ltr'>ordinum</span> <span class='ocrx_word' id='word_1_32' title='bbox 2627 717 2915 778; x_wconf 81' lang='lat' dir='ltr'><strong>affinibus</strong></span> 
     </span>
     <span class='ocr_line' id='line_1_5' title="bbox 417 803 1370 882; baseline 0.001 -19"><span class='ocrx_word' id='word_1_33' title='bbox 417 803 664 863; x_wconf 91' lang='lat' dir='ltr'><strong>omnino</strong></span> <span class='ocrx_word' id='word_1_34' title='bbox 707 823 830 863; x_wconf 94' lang='lat' dir='ltr'><strong>non</strong></span> <span class='ocrx_word' id='word_1_35' title='bbox 875 803 1126 881; x_wconf 75' lang='lat' dir='ltr'><strong>intelligi</strong></span> <span class='ocrx_word' id='word_1_36' title='bbox 1169 804 1370 882; x_wconf 81' lang='lat' dir='ltr'><strong>possit.</strong></span> 
     </span>
    </p>

    <p class='ocr_par' dir='ltr' id='par_1_3' title="bbox 419 888 2919 1490">
     <span class='ocr_line' id='line_1_6' title="bbox 597 888 2915 969; baseline 0 -20"><span class='ocrx_word' id='word_1_37' title='bbox 597 888 777 965; x_wconf 78' lang='lat' dir='ltr'><strong>Quod</strong></span> <span class='ocrx_word' id='word_1_38' title='bbox 823 890 900 950; x_wconf 91' lang='lat' dir='ltr'><strong>ad</strong></span> <span class='ocrx_word' id='word_1_39' title='bbox 947 890 1172 969; x_wconf 89' lang='lat' dir='ltr'><strong>species</strong></span> <span class='ocrx_word' id='word_1_40' title='bbox 1217 890 1485 969; x_wconf 76' lang='lat' dir='ltr'><strong>pertinet,</strong></span> <span class='ocrx_word' id='word_1_41' title='bbox 1532 890 1595 949; x_wconf 90' lang='lat' dir='ltr'><strong>in</strong></span> <span class='ocrx_word' id='word_1_42' title='bbox 1641 891 1985 950; x_wconf 88' lang='lat' dir='ltr'><strong>universum</strong></span> <span class='ocrx_word' id='word_1_43' title='bbox 2030 909 2207 968; x_wconf 92' lang='lat' dir='ltr'><strong>opera</strong></span> <span class='ocrx_word' id='word_1_44' title='bbox 2250 889 2324 950; x_wconf 94' lang='lat' dir='ltr'><strong>de</strong></span> <span class='ocrx_word' id='word_1_45' title='bbox 2368 888 2535 950; x_wconf 84' lang='lat' dir='ltr'><strong>floris</strong></span> <span class='ocrx_word' id='word_1_46' title='bbox 2579 891 2915 963; x_wconf 75' lang='lat' dir='ltr'><strong>recentiora,</strong></span> 
     </span>
     <span class='ocr_line' id='line_1_7' title="bbox 423 975 2917 1057; baseline 0 -21"><span class='ocrx_word' id='word_1_47' title='bbox 423 976 708 1056; x_wconf 78' lang='lat' dir='ltr'><strong>Imprimis</strong></span> <span class='ocrx_word' id='word_1_48' title='bbox 751 976 1130 1036; x_wconf 90' lang='lat' dir='ltr'><strong>Boissierium</strong></span> <span class='ocrx_word' id='word_1_49' title='bbox 1176 985 1410 1036; x_wconf 88' lang='lat' dir='ltr'><strong>secutus</strong></span> <span class='ocrx_word' id='word_1_50' title='bbox 1456 997 1606 1049; x_wconf 88' lang='lat' dir='ltr'><strong>sum,</strong></span> <span class='ocrx_word' id='word_1_51' title='bbox 1665 996 2023 1057; x_wconf 90' lang='lat' dir='ltr'><strong>quamquam</strong></span> <span class='ocrx_word' id='word_1_52' title='bbox 2069 975 2229 1036; x_wconf 90' lang='lat' dir='ltr'><strong>haud</strong></span> <span class='ocrx_word' id='word_1_53' title='bbox 2273 996 2407 1036; x_wconf 90' lang='lat' dir='ltr'><strong>raro</strong></span> <span class='ocrx_word' id='word_1_54' title='bbox 2452 975 2715 1048; x_wconf 89' lang='lat' dir='ltr'><strong>discessi;</strong></span> <span class='ocrx_word' id='word_1_55' title='bbox 2774 997 2917 1038; x_wconf 89' lang='lat' dir='ltr'><strong>nam</strong></span> 
     </span>
     <span class='ocr_line' id='line_1_8' title="bbox 421 1062 2919 1143; baseline 0.001 -21"><span class='ocrx_word' id='word_1_56' title='bbox 421 1062 712 1142; x_wconf 84' lang='lat' dir='ltr'><strong>imprimis</strong></span> <span class='ocrx_word' id='word_1_57' title='bbox 757 1062 1082 1123; x_wconf 77' lang='lat' dir='ltr'><strong>nonnullae</strong></span> <span class='ocrx_word' id='word_1_58' title='bbox 1113 1064 1334 1142; x_wconf 89' lang='lat' dir='ltr'><strong>species</strong></span> <span class='ocrx_word' id='word_1_59' title='bbox 1364 1083 1399 1124; x_wconf 98' lang='lat' dir='ltr'><strong>a</strong></span> <span class='ocrx_word' id='word_1_60' title='bbox 1431 1062 1701 1123; x_wconf 89' lang='lat' dir='ltr'><strong>Boissero</strong></span> <span class='ocrx_word' id='word_1_61' title='bbox 1731 1064 1862 1143; x_wconf 88' lang='lat' dir='ltr'><strong>ipso</strong></span> <span class='ocrx_word' id='word_1_62' title='bbox 1898 1063 2201 1123; x_wconf 87' lang='lat' dir='ltr'><strong>institutae</strong></span> <span class='ocrx_word' id='word_1_63' title='bbox 2242 1062 2343 1123; x_wconf 88' lang='lat' dir='ltr'><strong>sed</strong></span> <span class='ocrx_word' id='word_1_64' title='bbox 2374 1072 2579 1142; x_wconf 79' lang='lat' dir='ltr'><strong>postea</strong></span> <span class='ocrx_word' id='word_1_65' title='bbox 2607 1073 2919 1142; x_wconf 77' lang='lat' dir='ltr'><strong>exemptae</strong></span> 
     </span>
     <span class='ocr_line' id='line_1_9' title="bbox 419 1148 2917 1229; baseline 0 -20"><span class='ocrx_word' id='word_1_66' title='bbox 419 1149 815 1210; x_wconf 83' lang='lat' dir='ltr'><strong>restituendae</strong></span> <span class='ocrx_word' id='word_1_67' title='bbox 867 1169 996 1210; x_wconf 90' lang='lat' dir='ltr'><strong>esse</strong></span> <span class='ocrx_word' id='word_1_68' title='bbox 1040 1149 1178 1210; x_wconf 91' lang='lat' dir='ltr'><strong>mihi</strong></span> <span class='ocrx_word' id='word_1_69' title='bbox 1223 1150 1590 1221; x_wconf 88' lang='lat' dir='ltr'><strong>videbantur,</strong></span> <span class='ocrx_word' id='word_1_70' title='bbox 1638 1170 1770 1209; x_wconf 91' lang='lat' dir='ltr'><strong>cum</strong></span> <span class='ocrx_word' id='word_1_71' title='bbox 1817 1148 1937 1210; x_wconf 89' lang='lat' dir='ltr'><strong>alia</strong></span> <span class='ocrx_word' id='word_1_72' title='bbox 1978 1171 2055 1210; x_wconf 88' lang='lat' dir='ltr'><strong>ex</strong></span> <span class='ocrx_word' id='word_1_73' title='bbox 2099 1158 2265 1229; x_wconf 88' lang='lat' dir='ltr'><strong>parte</strong></span> <span class='ocrx_word' id='word_1_74' title='bbox 2310 1148 2631 1210; x_wconf 84' lang='lat' dir='ltr'><strong>nonnullas</strong></span> <span class='ocrx_word' id='word_1_75' title='bbox 2677 1151 2917 1229; x_wconf 88' lang='lat' dir='ltr'><strong>species,</strong></span> 
     </span>
     <span class='ocr_line' id='line_1_10' title="bbox 419 1235 2915 1316; baseline 0.001 -20"><span class='ocrx_word' id='word_1_76' title='bbox 419 1255 578 1315; x_wconf 89' lang='lat' dir='ltr'><strong>quae</strong></span> <span class='ocrx_word' id='word_1_77' title='bbox 620 1237 684 1296; x_wconf 89' lang='lat' dir='ltr'><strong>in</strong></span> <span class='ocrx_word' id='word_1_78' title='bbox 731 1235 920 1309; x_wconf 78' lang='lat' dir='ltr'><strong>„flora</strong></span> <span class='ocrx_word' id='word_1_79' title='bbox 963 1236 1298 1297; x_wconf 86' lang='lat' dir='ltr'><strong>orientalis“</strong></span> <span class='ocrx_word' id='word_1_80' title='bbox 1356 1237 1753 1309; x_wconf 89' lang='lat' dir='ltr'><strong>inveniuntur,</strong></span> <span class='ocrx_word' id='word_1_81' title='bbox 1812 1235 2160 1296; x_wconf 90' lang='lat' dir='ltr'><strong>eximendas</strong></span> <span class='ocrx_word' id='word_1_82' title='bbox 2212 1236 2352 1295; x_wconf 90' lang='lat' dir='ltr'><strong>mihi</strong></span> <span class='ocrx_word' id='word_1_83' title='bbox 2398 1257 2525 1296; x_wconf 90' lang='lat' dir='ltr'><strong>esse</strong></span> <span class='ocrx_word' id='word_1_84' title='bbox 2568 1237 2915 1316; x_wconf 84' lang='lat' dir='ltr'><strong>putaverim.</strong></span> 
     </span>
     <span class='ocr_line' id='line_1_11' title="bbox 422 1320 2918 1402; baseline -0 -18"><span class='ocrx_word' id='word_1_85' title='bbox 422 1322 592 1395; x_wconf 86' lang='lat' dir='ltr'><strong>Cum,</strong></span> <span class='ocrx_word' id='word_1_86' title='bbox 653 1320 849 1401; x_wconf 89' lang='lat' dir='ltr'><strong>qualis</strong></span> <span class='ocrx_word' id='word_1_87' title='bbox 895 1325 1116 1402; x_wconf 89' lang='lat' dir='ltr'><strong>species</strong></span> <span class='ocrx_word' id='word_1_88' title='bbox 1162 1323 1502 1383; x_wconf 81' lang='lat' dir='ltr'><strong>definienda</strong></span> <span class='ocrx_word' id='word_1_89' title='bbox 1547 1324 1641 1396; x_wconf 92' lang='lat' dir='ltr'><strong>sit,</strong></span> <span class='ocrx_word' id='word_1_90' title='bbox 1698 1323 1930 1384; x_wconf 89' lang='lat' dir='ltr'><strong>decerni</strong></span> <span class='ocrx_word' id='word_1_91' title='bbox 1986 1342 2108 1382; x_wconf 90' lang='lat' dir='ltr'><strong>non</strong></span> <span class='ocrx_word' id='word_1_92' title='bbox 2162 1323 2365 1402; x_wconf 84' lang='lat' dir='ltr'><strong>possit,</strong></span> <span class='ocrx_word' id='word_1_93' title='bbox 2424 1323 2487 1382; x_wconf 92' lang='lat' dir='ltr'><strong>in</strong></span> <span class='ocrx_word' id='word_1_94' title='bbox 2542 1321 2717 1383; x_wconf 90' lang='lat' dir='ltr'><strong>rebus</strong></span> <span class='ocrx_word' id='word_1_95' title='bbox 2761 1325 2918 1383; x_wconf 89' lang='lat' dir='ltr'><strong>anci·</strong></span> 
     </span>
     <span class='ocr_line' id='line_1_12' title="bbox 422 1408 2917 1490; baseline 0.001 -22"><span class='ocrx_word' id='word_1_96' title='bbox 422 1408 646 1489; x_wconf 86' lang='lat' dir='ltr'><strong>pitibus</strong></span> <span class='ocrx_word' id='word_1_97' title='bbox 691 1409 821 1468; x_wconf 82' lang='lat' dir='ltr'><strong>fieri</strong></span> <span class='ocrx_word' id='word_1_98' title='bbox 865 1429 988 1469; x_wconf 87' lang='lat' dir='ltr'><strong>non</strong></span> <span class='ocrx_word' id='word_1_99' title='bbox 1032 1429 1205 1488; x_wconf 90' lang='lat' dir='ltr'><strong>posse</strong></span> <span class='ocrx_word' id='word_1_100' title='bbox 1247 1409 1392 1470; x_wconf 90' lang='lat' dir='ltr'><strong>mihi</strong></span> <span class='ocrx_word' id='word_1_101' title='bbox 1437 1410 1683 1482; x_wconf 85' lang='lat' dir='ltr'><strong>videtur,</strong></span> <span class='ocrx_word' id='word_1_102' title='bbox 1728 1410 1877 1490; x_wconf 90' lang='lat' dir='ltr'><strong>quin</strong></span> <span class='ocrx_word' id='word_1_103' title='bbox 1918 1410 2031 1470; x_wconf 89' lang='lat' dir='ltr'><strong>mei</strong></span> <span class='ocrx_word' id='word_1_104' title='bbox 2075 1409 2260 1488; x_wconf 90' lang='lat' dir='ltr'><strong>ipsius</strong></span> <span class='ocrx_word' id='word_1_105' title='bbox 2305 1409 2645 1488; x_wconf 89' lang='lat' dir='ltr'><strong>opinionem</strong></span> <span class='ocrx_word' id='word_1_106' title='bbox 2690 1430 2917 1490; x_wconf 89' lang='lat' dir='ltr'><strong>sequar.</strong></span> 
     </span>
    </p>

    <p class='ocr_par' dir='ltr' id='par_1_4' title="bbox 422 1495 2922 2010">
     <span class='ocr_line' id='line_1_13' title="bbox 596 1495 2917 1576; baseline 0 -20"><span class='ocrx_word' id='word_1_107' title='bbox 596 1495 774 1572; x_wconf 78' lang='lat' dir='ltr'><strong>Quod</strong></span> <span class='ocrx_word' id='word_1_108' title='bbox 818 1495 895 1556; x_wconf 91' lang='lat' dir='ltr'><strong>ad</strong></span> <span class='ocrx_word' id='word_1_109' title='bbox 939 1497 1182 1557; x_wconf 89' lang='lat' dir='ltr'><strong>nomina</strong></span> <span class='ocrx_word' id='word_1_110' title='bbox 1221 1496 1485 1556; x_wconf 82' lang='lat' dir='ltr'><strong>indenda</strong></span> <span class='ocrx_word' id='word_1_111' title='bbox 1514 1497 1781 1576; x_wconf 89' lang='lat' dir='ltr'><strong>pertinet,</strong></span> <span class='ocrx_word' id='word_1_112' title='bbox 1828 1497 2141 1576; x_wconf 83' lang='lat' dir='ltr'><strong>prioritatis</strong></span> <span class='ocrx_word' id='word_1_113' title='bbox 2171 1496 2471 1568; x_wconf 87' lang='lat' dir='ltr'><strong>rationem,</strong></span> <span class='ocrx_word' id='word_1_114' title='bbox 2518 1516 2699 1576; x_wconf 90' lang='lat' dir='ltr'><strong>quam</strong></span> <span class='ocrx_word' id='word_1_115' title='bbox 2728 1495 2917 1556; x_wconf 89' lang='lat' dir='ltr'><strong>solam</strong></span> 
     </span>
     <span class='ocr_line' id='line_1_14' title="bbox 422 1582 2918 1662; baseline -0.001 -18"><span class='ocrx_word' id='word_1_116' title='bbox 422 1591 640 1644; x_wconf 79' lang='lat' dir='ltr'><strong>rectam</strong></span> <span class='ocrx_word' id='word_1_117' title='bbox 685 1603 812 1643; x_wconf 90' lang='lat' dir='ltr'><strong>esse</strong></span> <span class='ocrx_word' id='word_1_118' title='bbox 857 1594 1016 1662; x_wconf 88' lang='lat' dir='ltr'><strong>puto,</strong></span> <span class='ocrx_word' id='word_1_119' title='bbox 1078 1593 1313 1644; x_wconf 90' lang='lat' dir='ltr'><strong>secutus</strong></span> <span class='ocrx_word' id='word_1_120' title='bbox 1366 1603 1515 1655; x_wconf 89' lang='lat' dir='ltr'><strong>sum,</strong></span> <span class='ocrx_word' id='word_1_121' title='bbox 1574 1583 1861 1661; x_wconf 79' lang='lat' dir='ltr'><strong>neglectis</strong></span> <span class='ocrx_word' id='word_1_122' title='bbox 1921 1583 2223 1644; x_wconf 87' lang='lat' dir='ltr'><strong>sententiis</strong></span> <span class='ocrx_word' id='word_1_123' title='bbox 2281 1583 2535 1643; x_wconf 89' lang='lat' dir='ltr'><strong>virorum</strong></span> <span class='ocrx_word' id='word_1_124' title='bbox 2596 1582 2918 1656; x_wconf 89' lang='lat' dir='ltr'><strong>doctorum,</strong></span> 
     </span>
     <span class='ocr_line' id='line_1_15' title="bbox 424 1667 2922 1749; baseline 0.001 -21"><span class='ocrx_word' id='word_1_125' title='bbox 424 1669 526 1748; x_wconf 90' lang='lat' dir='ltr'><strong>qui</strong></span> <span class='ocrx_word' id='word_1_126' title='bbox 571 1669 815 1730; x_wconf 90' lang='lat' dir='ltr'><strong>nomina</strong></span> <span class='ocrx_word' id='word_1_127' title='bbox 857 1669 1148 1749; x_wconf 82' lang='lat' dir='ltr'><strong>quaedam</strong></span> <span class='ocrx_word' id='word_1_128' title='bbox 1191 1667 1458 1730; x_wconf 87' lang='lat' dir='ltr'><strong>obsoleta</strong></span> <span class='ocrx_word' id='word_1_129' title='bbox 1499 1690 1626 1730; x_wconf 90' lang='lat' dir='ltr'><strong>esse</strong></span> <span class='ocrx_word' id='word_1_130' title='bbox 1657 1679 2028 1749; x_wconf 89' lang='lat' dir='ltr'><strong>putaverunt,</strong></span> <span class='ocrx_word' id='word_1_131' title='bbox 2074 1690 2205 1729; x_wconf 89' lang='lat' dir='ltr'><strong>cum</strong></span> <span class='ocrx_word' id='word_1_132' title='bbox 2234 1670 2379 1729; x_wconf 88' lang='lat' dir='ltr'><strong>haec</strong></span> <span class='ocrx_word' id='word_1_133' title='bbox 2407 1669 2552 1729; x_wconf 90' lang='lat' dir='ltr'><strong>ratio</strong></span> <span class='ocrx_word' id='word_1_134' title='bbox 2583 1679 2922 1730; x_wconf 81' lang='lat' dir='ltr'><strong>constanter</strong></span> 
     </span>
     <span class='ocr_line' id='line_1_16' title="bbox 423 1755 2920 1834; baseline 0 -18"><span class='ocrx_word' id='word_1_135' title='bbox 423 1755 693 1817; x_wconf 80' lang='lat' dir='ltr'><strong>adhibita</strong></span> <span class='ocrx_word' id='word_1_136' title='bbox 738 1776 860 1816; x_wconf 89' lang='lat' dir='ltr'><strong>non</strong></span> <span class='ocrx_word' id='word_1_137' title='bbox 899 1755 1090 1817; x_wconf 89' lang='lat' dir='ltr'><strong>solum</strong></span> <span class='ocrx_word' id='word_1_138' title='bbox 1122 1755 1403 1826; x_wconf 80' lang='lat' dir='ltr'><strong>difficilis,</strong></span> <span class='ocrx_word' id='word_1_139' title='bbox 1448 1757 1553 1817; x_wconf 88' lang='lat' dir='ltr'><strong>sed</strong></span> <span class='ocrx_word' id='word_1_140' title='bbox 1583 1758 1759 1817; x_wconf 88' lang='lat' dir='ltr'><strong>etiam</strong></span> <span class='ocrx_word' id='word_1_141' title='bbox 1800 1757 2021 1816; x_wconf 88' lang='lat' dir='ltr'><strong>iniusta</strong></span> <span class='ocrx_word' id='word_1_142' title='bbox 2054 1777 2187 1816; x_wconf 88' lang='lat' dir='ltr'><strong>esse</strong></span> <span class='ocrx_word' id='word_1_143' title='bbox 2219 1767 2396 1834; x_wconf 88' lang='lat' dir='ltr'><strong>atque</strong></span> <span class='ocrx_word' id='word_1_144' title='bbox 2424 1755 2564 1814; x_wconf 87' lang='lat' dir='ltr'><strong>fidei</strong></span> <span class='ocrx_word' id='word_1_145' title='bbox 2610 1756 2920 1816; x_wconf 85' lang='lat' dir='ltr'><strong>historicae</strong></span> 
     </span>
     <span class='ocr_line' id='line_1_17' title="bbox 423 1841 2919 1922; baseline 0 -20"><span class='ocrx_word' id='word_1_146' title='bbox 423 1862 754 1921; x_wconf 88' lang='lat' dir='ltr'><strong>repugnare</strong></span> <span class='ocrx_word' id='word_1_147' title='bbox 799 1843 940 1902; x_wconf 89' lang='lat' dir='ltr'><strong>mihi</strong></span> <span class='ocrx_word' id='word_1_148' title='bbox 983 1843 1266 1904; x_wconf 88' lang='lat' dir='ltr'><strong>videatur.</strong></span> <span class='ocrx_word' id='word_1_149' title='bbox 1341 1841 1604 1903; x_wconf 85' lang='lat' dir='ltr'><strong>Nomina</strong></span> <span class='ocrx_word' id='word_1_150' title='bbox 1631 1843 1910 1922; x_wconf 80' lang='lat' dir='ltr'><strong>duplicia,</strong></span> <span class='ocrx_word' id='word_1_151' title='bbox 1955 1863 2090 1904; x_wconf 90' lang='lat' dir='ltr'><strong>cum</strong></span> <span class='ocrx_word' id='word_1_152' title='bbox 2133 1852 2379 1903; x_wconf 90' lang='lat' dir='ltr'><strong>naturae</strong></span> <span class='ocrx_word' id='word_1_153' title='bbox 2422 1861 2585 1901; x_wconf 89' lang='lat' dir='ltr'><strong>meae</strong></span> <span class='ocrx_word' id='word_1_154' title='bbox 2629 1843 2919 1917; x_wconf 68' lang='lat' dir='ltr'><strong>resistant,</strong></span> 
     </span>
     <span class='ocr_line' id='line_1_18' title="bbox 423 1928 2918 2010; baseline 0.002 -22"><span class='ocrx_word' id='word_1_155' title='bbox 423 1948 547 1988; x_wconf 88' lang='lat' dir='ltr'><strong>non</strong></span> <span class='ocrx_word' id='word_1_156' title='bbox 577 1928 836 2002; x_wconf 88' lang='lat' dir='ltr'><strong>adhibui,</strong></span> <span class='ocrx_word' id='word_1_157' title='bbox 880 1949 1240 2010; x_wconf 89' lang='lat' dir='ltr'><strong>quamquam</strong></span> <span class='ocrx_word' id='word_1_158' title='bbox 1269 1949 1341 1990; x_wconf 90' lang='lat' dir='ltr'><strong>ea</strong></span> <span class='ocrx_word' id='word_1_159' title='bbox 1370 1931 1609 1991; x_wconf 91' lang='lat' dir='ltr'><strong>omnino</strong></span> <span class='ocrx_word' id='word_1_160' title='bbox 1640 1930 1901 1991; x_wconf 89' lang='lat' dir='ltr'><strong>adbiberi</strong></span> <span class='ocrx_word' id='word_1_161' title='bbox 1940 1949 2060 1989; x_wconf 89' lang='lat' dir='ltr'><strong>non</strong></span> <span class='ocrx_word' id='word_1_162' title='bbox 2106 1929 2278 1990; x_wconf 86' lang='lat' dir='ltr'><strong>licere</strong></span> <span class='ocrx_word' id='word_1_163' title='bbox 2308 1949 2432 1989; x_wconf 92' lang='lat' dir='ltr'><strong>non</strong></span> <span class='ocrx_word' id='word_1_164' title='bbox 2463 1928 2918 1992; x_wconf 87' lang='lat' dir='ltr'><strong>adfirmaverim.</strong></span> 
     </span>
    </p>

    <p class='ocr_par' dir='ltr' id='par_1_5' title="bbox 422 2015 2941 3464">
     <span class='ocr_line' id='line_1_19' title="bbox 597 2015 2920 2095; baseline 0.001 -20"><span class='ocrx_word' id='word_1_165' title='bbox 597 2015 836 2075; x_wconf 87' lang='lat' dir='ltr'><strong>Deinde</strong></span> <span class='ocrx_word' id='word_1_166' title='bbox 896 2015 1038 2075; x_wconf 91' lang='lat' dir='ltr'><strong>mihi</strong></span> <span class='ocrx_word' id='word_1_167' title='bbox 1096 2017 1258 2077; x_wconf 89' lang='lat' dir='ltr'><strong>haud</strong></span> <span class='ocrx_word' id='word_1_168' title='bbox 1322 2017 1581 2078; x_wconf 89' lang='lat' dir='ltr'><strong>alienum</strong></span> <span class='ocrx_word' id='word_1_169' title='bbox 1649 2037 1685 2076; x_wconf 94' lang='lat' dir='ltr'><strong>a</strong></span> <span class='ocrx_word' id='word_1_170' title='bbox 1750 2037 1813 2076; x_wconf 89' lang='lat' dir='ltr'><strong>re</strong></span> <span class='ocrx_word' id='word_1_171' title='bbox 1878 2017 2071 2076; x_wconf 88' lang='lat' dir='ltr'><strong>visum</strong></span> <span class='ocrx_word' id='word_1_172' title='bbox 2128 2025 2231 2087; x_wconf 88' lang='lat' dir='ltr'><strong>est,</strong></span> <span class='ocrx_word' id='word_1_173' title='bbox 2298 2025 2613 2095; x_wconf 86' lang='lat' dir='ltr'><strong>postquam</strong></span> <span class='ocrx_word' id='word_1_174' title='bbox 2680 2018 2920 2077; x_wconf 89' lang='lat' dir='ltr'><strong>nomina</strong></span> 
     </span>
     <span class='ocr_line' id='line_1_20' title="bbox 427 2101 2920 2184; baseline 0 -22"><span class='ocrx_word' id='word_1_175' title='bbox 427 2113 732 2163; x_wconf 81' lang='lat' dir='ltr'><strong>auctorum</strong></span> <span class='ocrx_word' id='word_1_176' title='bbox 778 2103 1117 2176; x_wconf 89' lang='lat' dir='ltr'><strong>citavissim‚</strong></span> <span class='ocrx_word' id='word_1_177' title='bbox 1163 2123 1344 2182; x_wconf 86' lang='lat' dir='ltr'><strong>opera</strong></span> <span class='ocrx_word' id='word_1_178' title='bbox 1383 2123 1618 2184; x_wconf 90' lang='lat' dir='ltr'><strong>quoque</strong></span> <span class='ocrx_word' id='word_1_179' title='bbox 1663 2102 1921 2175; x_wconf 87' lang='lat' dir='ltr'><strong>laudare,</strong></span> <span class='ocrx_word' id='word_1_180' title='bbox 1968 2105 2029 2162; x_wconf 91' lang='lat' dir='ltr'><strong>in</strong></span> <span class='ocrx_word' id='word_1_181' title='bbox 2073 2101 2289 2182; x_wconf 89' lang='lat' dir='ltr'><strong>quibus</strong></span> <span class='ocrx_word' id='word_1_182' title='bbox 2335 2102 2441 2162; x_wconf 88' lang='lat' dir='ltr'><strong>viri</strong></span> <span class='ocrx_word' id='word_1_183' title='bbox 2486 2101 2643 2162; x_wconf 85' lang='lat' dir='ltr'><strong>docti</strong></span> <span class='ocrx_word' id='word_1_184' title='bbox 2688 2103 2761 2162; x_wconf 91' lang='lat' dir='ltr'><strong>de</strong></span> <span class='ocrx_word' id='word_1_185' title='bbox 2805 2103 2920 2162; x_wconf 90' lang='lat' dir='ltr'><strong>sin-</strong></span> 
     </span>
     <span class='ocr_line' id='line_1_21' title="bbox 425 2188 2917 2270; baseline -0 -21"><span class='ocrx_word' id='word_1_186' title='bbox 425 2188 582 2268; x_wconf 84' lang='lat' dir='ltr'><strong>gulis</strong></span> <span class='ocrx_word' id='word_1_187' title='bbox 627 2189 930 2268; x_wconf 82' lang='lat' dir='ltr'><strong>speciebus</strong></span> <span class='ocrx_word' id='word_1_188' title='bbox 987 2189 1064 2251; x_wconf 91' lang='lat' dir='ltr'><strong>ab</strong></span> <span class='ocrx_word' id='word_1_189' title='bbox 1127 2191 1272 2270; x_wconf 91' lang='lat' dir='ltr'><strong>ipsis</strong></span> <span class='ocrx_word' id='word_1_190' title='bbox 1315 2189 1643 2251; x_wconf 89' lang='lat' dir='ltr'><strong>observatis</strong></span> <span class='ocrx_word' id='word_1_191' title='bbox 1703 2189 2025 2270; x_wconf 74' lang='lat' dir='ltr'><strong>disputant,</strong></span> <span class='ocrx_word' id='word_1_192' title='bbox 2085 2189 2337 2269; x_wconf 87' lang='lat' dir='ltr'><strong>primum</strong></span> <span class='ocrx_word' id='word_1_193' title='bbox 2390 2197 2458 2248; x_wconf 89' lang='lat' dir='ltr'><strong>ut</strong></span> <span class='ocrx_word' id='word_1_194' title='bbox 2508 2189 2917 2260; x_wconf 87' lang='lat' dir='ltr'><strong>demonstrem,</strong></span> 
     </span>
     <span class='ocr_line' id='line_1_22' title="bbox 422 2275 2915 2356; baseline -0 -21"><span class='ocrx_word' id='word_1_195' title='bbox 422 2275 642 2354; x_wconf 89' lang='lat' dir='ltr'><strong>quibus</strong></span> <span class='ocrx_word' id='word_1_196' title='bbox 701 2276 967 2337; x_wconf 86' lang='lat' dir='ltr'><strong>fontibus</strong></span> <span class='ocrx_word' id='word_1_197' title='bbox 1028 2297 1172 2338; x_wconf 91' lang='lat' dir='ltr'><strong>usus</strong></span> <span class='ocrx_word' id='word_1_198' title='bbox 1225 2276 1299 2337; x_wconf 92' lang='lat' dir='ltr'><strong>de</strong></span> <span class='ocrx_word' id='word_1_199' title='bbox 1355 2276 1679 2356; x_wconf 85' lang='lat' dir='ltr'><strong>speciebus,</strong></span> <span class='ocrx_word' id='word_1_200' title='bbox 1740 2276 1943 2356; x_wconf 84' lang='lat' dir='ltr'><strong>quales</strong></span> <span class='ocrx_word' id='word_1_201' title='bbox 1998 2276 2117 2336; x_wconf 89' lang='lat' dir='ltr'><strong>sint</strong></span> <span class='ocrx_word' id='word_1_202' title='bbox 2160 2285 2337 2355; x_wconf 90' lang='lat' dir='ltr'><strong>atque</strong></span> <span class='ocrx_word' id='word_1_203' title='bbox 2382 2275 2483 2336; x_wconf 90' lang='lat' dir='ltr'><strong>ubi</strong></span> <span class='ocrx_word' id='word_1_204' title='bbox 2526 2275 2915 2346; x_wconf 87' lang='lat' dir='ltr'><strong>inveniantur,</strong></span> 
     </span>
     <span class='ocr_line' id='line_1_23' title="bbox 423 2361 2919 2443; baseline -0 -21"><span class='ocrx_word' id='word_1_205' title='bbox 423 2361 648 2434; x_wconf 80' lang='lat' dir='ltr'><strong>dicam3</strong></span> <span class='ocrx_word' id='word_1_206' title='bbox 694 2361 922 2435; x_wconf 90' lang='lat' dir='ltr'><strong>deinde,</strong></span> <span class='ocrx_word' id='word_1_207' title='bbox 965 2373 1035 2423; x_wconf 90' lang='lat' dir='ltr'><strong>ut</strong></span> <span class='ocrx_word' id='word_1_208' title='bbox 1075 2364 1139 2422; x_wconf 91' lang='lat' dir='ltr'><strong>in</strong></span> <span class='ocrx_word' id='word_1_209' title='bbox 1182 2363 1618 2424; x_wconf 74' lang='lat' dir='ltr'><strong>narrationibus</strong></span> <span class='ocrx_word' id='word_1_210' title='bbox 1662 2363 1873 2436; x_wconf 91' lang='lat' dir='ltr'><strong>dubiis,</strong></span> <span class='ocrx_word' id='word_1_211' title='bbox 1930 2363 2005 2423; x_wconf 90' lang='lat' dir='ltr'><strong>de</strong></span> <span class='ocrx_word' id='word_1_212' title='bbox 2049 2361 2281 2443; x_wconf 79' lang='lat' dir='ltr'><strong>quibuS,</strong></span> <span class='ocrx_word' id='word_1_213' title='bbox 2335 2381 2469 2422; x_wconf 90' lang='lat' dir='ltr'><strong>cum</strong></span> <span class='ocrx_word' id='word_1_214' title='bbox 2513 2363 2685 2422; x_wconf 87' lang='lat' dir='ltr'><strong>certis</strong></span> <span class='ocrx_word' id='word_1_215' title='bbox 2728 2381 2919 2421; x_wconf 88' lang='lat' dir='ltr'><strong>exem-</strong></span> 
     </span>
     <span class='ocr_line' id='line_1_24' title="bbox 423 2448 2917 2529; baseline -0 -20"><span class='ocrx_word' id='word_1_216' title='bbox 423 2448 691 2528; x_wconf 84' lang='lat' dir='ltr'><strong>plaribus</strong></span> <span class='ocrx_word' id='word_1_217' title='bbox 755 2451 843 2510; x_wconf 89' lang='lat' dir='ltr'><strong>uti</strong></span> <span class='ocrx_word' id='word_1_218' title='bbox 903 2470 1024 2510; x_wconf 89' lang='grc'><strong>11011</strong></span> <span class='ocrx_word' id='word_1_219' title='bbox 1083 2451 1390 2529; x_wconf 86' lang='lat' dir='ltr'><strong>potuerim,</strong></span> <span class='ocrx_word' id='word_1_220' title='bbox 1458 2450 1767 2511; x_wconf 89' lang='lat' dir='ltr'><strong>decernere</strong></span> <span class='ocrx_word' id='word_1_221' title='bbox 1826 2471 1949 2510; x_wconf 91' lang='grc'><strong>11011</strong></span> <span class='ocrx_word' id='word_1_222' title='bbox 2003 2450 2181 2529; x_wconf 88' lang='lat' dir='ltr'><strong>potui,</strong></span> <span class='ocrx_word' id='word_1_223' title='bbox 2249 2450 2423 2510; x_wconf 91' lang='lat' dir='ltr'><strong>etiam</strong></span> <span class='ocrx_word' id='word_1_224' title='bbox 2483 2470 2558 2508; x_wconf 92' lang='lat' dir='ltr'><strong>ex</strong></span> <span class='ocrx_word' id='word_1_225' title='bbox 2613 2457 2917 2509; x_wconf 85' lang='lat' dir='ltr'><strong>auctorum</strong></span> 
     </span>
     <span class='ocr_line' id='line_1_25' title="bbox 429 2535 2941 2617; baseline -0.001 -20"><span class='ocrx_word' id='word_1_226' title='bbox 429 2535 770 2597; x_wconf 90' lang='lat' dir='ltr'><strong>nominibus</strong></span> <span class='ocrx_word' id='word_1_227' title='bbox 829 2536 1102 2598; x_wconf 88' lang='lat' dir='ltr'><strong>concludi</strong></span> <span class='ocrx_word' id='word_1_228' title='bbox 1155 2535 1357 2617; x_wconf 87' lang='lat' dir='ltr'><strong>possit,</strong></span> <span class='ocrx_word' id='word_1_229' title='bbox 1418 2547 1616 2598; x_wconf 89' lang='lat' dir='ltr'><strong>utrum</strong></span> <span class='ocrx_word' id='word_1_230' title='bbox 1674 2538 1795 2598; x_wconf 84' lang='lat' dir='ltr'><strong>veri</strong></span> <span class='ocrx_word' id='word_1_231' title='bbox 1851 2536 2068 2598; x_wconf 86' lang='lat' dir='ltr'><strong>similes</strong></span> <span class='ocrx_word' id='word_1_232' title='bbox 2127 2556 2203 2597; x_wconf 90' lang='lat' dir='ltr'><strong>an</strong></span> <span class='ocrx_word' id='word_1_233' title='bbox 2240 2557 2317 2596; x_wconf 84' lang='lat' dir='ltr'><strong>ex</strong></span> <span class='ocrx_word' id='word_1_234' title='bbox 2360 2556 2547 2597; x_wconf 87' lang='lat' dir='ltr'><strong>errore</strong></span> <span class='ocrx_word' id='word_1_235' title='bbox 2591 2545 2752 2597; x_wconf 90' lang='lat' dir='ltr'><strong>ortae</strong></span> <span class='ocrx_word' id='word_1_236' title='bbox 2794 2555 2941 2609; x_wconf 58' lang='lat' dir='ltr'><strong>esse,</strong></span> 
     </span>
     <span class='ocr_line' id='line_1_26' title="bbox 427 2622 2925 2704; baseline -0 -21"><span class='ocrx_word' id='word_1_237' title='bbox 427 2624 730 2704; x_wconf 89' lang='lat' dir='ltr'><strong>putandae</strong></span> <span class='ocrx_word' id='word_1_238' title='bbox 783 2626 918 2686; x_wconf 86' lang='lat' dir='ltr'><strong>sint.</strong></span> <span class='ocrx_word' id='word_1_239' title='bbox 1007 2624 1211 2701; x_wconf 76' lang='lat' dir='ltr'><strong>Quare</strong></span> <span class='ocrx_word' id='word_1_240' title='bbox 1265 2626 1365 2685; x_wconf 84' lang='lat' dir='ltr'><strong>hic</strong></span> <span class='ocrx_word' id='word_1_241' title='bbox 1423 2624 1575 2685; x_wconf 91' lang='lat' dir='ltr'><strong>liber</strong></span> <span class='ocrx_word' id='word_1_242' title='bbox 1630 2625 1816 2686; x_wconf 83' lang='lat' dir='ltr'><strong>multo</strong></span> <span class='ocrx_word' id='word_1_243' title='bbox 1872 2623 2125 2704; x_wconf 89' lang='lat' dir='ltr'><strong>amplior</strong></span> <span class='ocrx_word' id='word_1_244' title='bbox 2178 2623 2374 2684; x_wconf 84' lang='lat' dir='ltr'><strong>factus</strong></span> <span class='ocrx_word' id='word_1_245' title='bbox 2419 2633 2535 2695; x_wconf 91' lang='lat' dir='ltr'><strong>est;</strong></span> <span class='ocrx_word' id='word_1_246' title='bbox 2594 2622 2697 2683; x_wconf 91' lang='lat' dir='ltr'><strong>sed</strong></span> <span class='ocrx_word' id='word_1_247' title='bbox 2754 2642 2925 2702; x_wconf 89' lang='lat' dir='ltr'><strong>spero</strong></span> 
     </span>
     <span class='ocr_line' id='line_1_27' title="bbox 426 2710 2923 2791; baseline -0.001 -21"><span class='ocrx_word' id='word_1_248' title='bbox 426 2730 522 2770; x_wconf 91' lang='lat' dir='ltr'><strong>me</strong></span> <span class='ocrx_word' id='word_1_249' title='bbox 561 2710 722 2771; x_wconf 83' lang='lat' dir='ltr'><strong>hanc</strong></span> <span class='ocrx_word' id='word_1_250' title='bbox 767 2732 1044 2789; x_wconf 88' lang='lat' dir='ltr'><strong>magnam</strong></span> <span class='ocrx_word' id='word_1_251' title='bbox 1087 2732 1326 2791; x_wconf 89' lang='lat' dir='ltr'><strong>operam</strong></span> <span class='ocrx_word' id='word_1_252' title='bbox 1373 2731 1496 2771; x_wconf 92' lang='lat' dir='ltr'><strong>non</strong></span> <span class='ocrx_word' id='word_1_253' title='bbox 1541 2711 1880 2791; x_wconf 86' lang='lat' dir='ltr'><strong>perdidisse.</strong></span> <span class='ocrx_word' id='word_1_254' title='bbox 1971 2711 2092 2771; x_wconf 91' lang='lat' dir='ltr'><strong>His</strong></span> <span class='ocrx_word' id='word_1_255' title='bbox 2136 2710 2491 2771; x_wconf 81' lang='lat' dir='ltr'><strong>testimoniis</strong></span> <span class='ocrx_word' id='word_1_256' title='bbox 2536 2710 2702 2769; x_wconf 90' lang='lat' dir='ltr'><strong>nisus</strong></span> <span class='ocrx_word' id='word_1_257' title='bbox 2747 2710 2923 2770; x_wconf 88' lang='lat' dir='ltr'><strong>etiam</strong></span> 
     </span>
     <span class='ocr_line' id='line_1_28' title="bbox 426 2796 2925 2878; baseline 0 -23"><span class='ocrx_word' id='word_1_258' title='bbox 426 2798 650 2876; x_wconf 89' lang='lat' dir='ltr'><strong>species</strong></span> <span class='ocrx_word' id='word_1_259' title='bbox 709 2800 912 2878; x_wconf 82' lang='lat' dir='ltr'><strong>recepi,</strong></span> <span class='ocrx_word' id='word_1_260' title='bbox 977 2797 1052 2857; x_wconf 89' lang='lat' dir='ltr'><strong>de</strong></span> <span class='ocrx_word' id='word_1_261' title='bbox 1112 2798 1346 2878; x_wconf 80' lang='lat' dir='ltr'><strong>quibuS,</strong></span> <span class='ocrx_word' id='word_1_262' title='bbox 1406 2819 1554 2858; x_wconf 91' lang='lat' dir='ltr'><strong>num</strong></span> <span class='ocrx_word' id='word_1_263' title='bbox 1608 2800 1671 2858; x_wconf 91' lang='lat' dir='ltr'><strong>in</strong></span> <span class='ocrx_word' id='word_1_264' title='bbox 1720 2798 1973 2860; x_wconf 84' lang='lat' dir='ltr'><strong>Graecia</strong></span> <span class='ocrx_word' id='word_1_265' title='bbox 2030 2799 2421 2869; x_wconf 89' lang='lat' dir='ltr'><strong>inveniantur,</strong></span> <span class='ocrx_word' id='word_1_266' title='bbox 2482 2796 2623 2855; x_wconf 91' lang='grc'><strong>1111111</strong></span> <span class='ocrx_word' id='word_1_267' title='bbox 2668 2797 2925 2856; x_wconf 80' lang='lat' dir='ltr'><strong>maxime</strong></span> 
     </span>
     <span class='ocr_line' id='line_1_29' title="bbox 427 2881 2925 2965; baseline -0 -22"><span class='ocrx_word' id='word_1_268' title='bbox 427 2883 679 2943; x_wconf 89' lang='lat' dir='ltr'><strong>dubium</strong></span> <span class='ocrx_word' id='word_1_269' title='bbox 737 2904 864 2945; x_wconf 89' lang='lat' dir='ltr'><strong>esse</strong></span> <span class='ocrx_word' id='word_1_270' title='bbox 921 2884 1244 2957; x_wconf 87' lang='lat' dir='ltr'><strong>videbatur,</strong></span> <span class='ocrx_word' id='word_1_271' title='bbox 1307 2886 1464 2965; x_wconf 91' lang='lat' dir='ltr'><strong>quod</strong></span> <span class='ocrx_word' id='word_1_272' title='bbox 1523 2884 1775 2964; x_wconf 87' lang='lat' dir='ltr'><strong>singulis</strong></span> <span class='ocrx_word' id='word_1_273' title='bbox 1835 2886 1976 2946; x_wconf 91' lang='lat' dir='ltr'><strong>locis</strong></span> <span class='ocrx_word' id='word_1_274' title='bbox 2031 2883 2331 2946; x_wconf 84' lang='lat' dir='ltr'><strong>adnotavi.</strong></span> <span class='ocrx_word' id='word_1_275' title='bbox 2422 2883 2806 2943; x_wconf 85' lang='lat' dir='ltr'><strong>Narrationes</strong></span> <span class='ocrx_word' id='word_1_276' title='bbox 2853 2881 2925 2942; x_wconf 90' lang='lat' dir='ltr'><strong>de</strong></span> 
     </span>
     <span class='ocr_line' id='line_1_30' title="bbox 429 2969 2925 3050; baseline -0 -22"><span class='ocrx_word' id='word_1_277' title='bbox 429 2970 752 3049; x_wconf 88' lang='lat' dir='ltr'><strong>speciebus,</strong></span> <span class='ocrx_word' id='word_1_278' title='bbox 811 2991 960 3050; x_wconf 90' lang='lat' dir='ltr'><strong>quas</strong></span> <span class='ocrx_word' id='word_1_279' title='bbox 1005 2972 1247 3032; x_wconf 90' lang='lat' dir='ltr'><strong>omnino</strong></span> <span class='ocrx_word' id='word_1_280' title='bbox 1291 2992 1414 3032; x_wconf 91' lang='lat' dir='ltr'><strong>non</strong></span> <span class='ocrx_word' id='word_1_281' title='bbox 1459 2972 1714 3033; x_wconf 84' lang='lat' dir='ltr'><strong>inveniri</strong></span> <span class='ocrx_word' id='word_1_282' title='bbox 1773 2974 1996 3050; x_wconf 89' lang='lat' dir='ltr'><strong>putavi,</strong></span> <span class='ocrx_word' id='word_1_283' title='bbox 2058 2970 2160 3030; x_wconf 92' lang='lat' dir='ltr'><strong>ubi</strong></span> <span class='ocrx_word' id='word_1_284' title='bbox 2206 2970 2278 3030; x_wconf 88' lang='lat' dir='ltr'><strong>de</strong></span> <span class='ocrx_word' id='word_1_285' title='bbox 2324 2970 2575 3048; x_wconf 88' lang='lat' dir='ltr'><strong>singulis</strong></span> <span class='ocrx_word' id='word_1_286' title='bbox 2620 2969 2925 3047; x_wconf 86' lang='lat' dir='ltr'><strong>speciebus</strong></span> 
     </span>
     <span class='ocr_line' id='line_1_31' title="bbox 428 3054 2926 3136; baseline -0 -20"><span class='ocrx_word' id='word_1_287' title='bbox 428 3056 744 3136; x_wconf 88' lang='lat' dir='ltr'><strong>disputavi,</strong></span> <span class='ocrx_word' id='word_1_288' title='bbox 805 3058 866 3117; x_wconf 89' lang='lat' dir='ltr'><strong>in</strong></span> <span class='ocrx_word' id='word_1_289' title='bbox 921 3057 1302 3119; x_wconf 86' lang='lat' dir='ltr'><strong>adnotatione</strong></span> <span class='ocrx_word' id='word_1_290' title='bbox 1363 3068 1595 3119; x_wconf 89' lang='lat' dir='ltr'><strong>tantum</strong></span> <span class='ocrx_word' id='word_1_291' title='bbox 1641 3059 2105 3119; x_wconf 88' lang='lat' dir='ltr'><strong>commemoravi.</strong></span> <span class='ocrx_word' id='word_1_292' title='bbox 2197 3056 2437 3116; x_wconf 90' lang='lat' dir='ltr'><strong>Futuris</strong></span> <span class='ocrx_word' id='word_1_293' title='bbox 2483 3054 2926 3135; x_wconf 89' lang='lat' dir='ltr'><strong>quaestionibus</strong></span> 
     </span>
     <span class='ocr_line' id='line_1_32' title="bbox 430 3142 2927 3224; baseline -0.001 -21"><span class='ocrx_word' id='word_1_294' title='bbox 430 3143 492 3203; x_wconf 89' lang='lat' dir='ltr'><strong>hi</strong></span> <span class='ocrx_word' id='word_1_295' title='bbox 536 3164 768 3218; x_wconf 88' lang='lat' dir='ltr'><strong>errores,</strong></span> <span class='ocrx_word' id='word_1_296' title='bbox 829 3146 930 3224; x_wconf 90' lang='lat' dir='ltr'><strong>qui</strong></span> <span class='ocrx_word' id='word_1_297' title='bbox 985 3146 1269 3224; x_wconf 90' lang='lat' dir='ltr'><strong>imprimis</strong></span> <span class='ocrx_word' id='word_1_298' title='bbox 1314 3146 1376 3204; x_wconf 90' lang='lat' dir='ltr'><strong>in</strong></span> <span class='ocrx_word' id='word_1_299' title='bbox 1421 3143 1589 3206; x_wconf 91' lang='lat' dir='ltr'><strong>libris</strong></span> <span class='ocrx_word' id='word_1_300' title='bbox 1634 3145 2052 3206; x_wconf 87' lang='lat' dir='ltr'><strong>vetustioribus</strong></span> <span class='ocrx_word' id='word_1_301' title='bbox 2096 3144 2493 3213; x_wconf 88' lang='lat' dir='ltr'><strong>inveniuntur,</strong></span> <span class='ocrx_word' id='word_1_302' title='bbox 2554 3142 2927 3219; x_wconf 88' lang='lat' dir='ltr'><strong>corrigendae</strong></span> 
     </span>
     <span class='ocr_line' id='line_1_33' title="bbox 427 3229 2926 3310; baseline -0.002 -21"><span class='ocrx_word' id='word_1_303' title='bbox 427 3239 616 3289; x_wconf 88' lang='lat' dir='ltr'><strong>erunt.</strong></span> <span class='ocrx_word' id='word_1_304' title='bbox 706 3230 1036 3310; x_wconf 87' lang='lat' dir='ltr'><strong>Synonima</strong></span> <span class='ocrx_word' id='word_1_305' title='bbox 1079 3252 1200 3291; x_wconf 94' lang='lat' dir='ltr'><strong>non</strong></span> <span class='ocrx_word' id='word_1_306' title='bbox 1245 3232 1356 3291; x_wconf 92' lang='lat' dir='ltr'><strong>nisi</strong></span> <span class='ocrx_word' id='word_1_307' title='bbox 1402 3232 1657 3292; x_wconf 85' lang='lat' dir='ltr'><strong>maxime</strong></span> <span class='ocrx_word' id='word_1_308' title='bbox 1702 3233 2029 3292; x_wconf 88' lang='lat' dir='ltr'><strong>necessaria</strong></span> <span class='ocrx_word' id='word_1_309' title='bbox 2072 3231 2257 3301; x_wconf 90' lang='lat' dir='ltr'><strong>attuli,</strong></span> <span class='ocrx_word' id='word_1_310' title='bbox 2306 3239 2482 3309; x_wconf 89' lang='lat' dir='ltr'><strong>atque</strong></span> <span class='ocrx_word' id='word_1_311' title='bbox 2527 3229 2811 3306; x_wconf 88' lang='lat' dir='ltr'><strong>imprimis</strong></span> <span class='ocrx_word' id='word_1_312' title='bbox 2856 3246 2926 3285; x_wconf 89' lang='lat' dir='ltr'><strong>ea</strong></span> 
     </span>
     <span class='ocr_line' id='line_1_34' title="bbox 428 3313 2924 3398; baseline -0.002 -23"><span class='ocrx_word' id='word_1_313' title='bbox 428 3317 686 3388; x_wconf 88' lang='lat' dir='ltr'><strong>nomina,</strong></span> <span class='ocrx_word' id='word_1_314' title='bbox 731 3317 948 3397; x_wconf 91' lang='lat' dir='ltr'><strong>quibus</strong></span> <span class='ocrx_word' id='word_1_315' title='bbox 992 3318 1104 3378; x_wconf 89' lang='lat' dir='ltr'><strong>hae</strong></span> <span class='ocrx_word' id='word_1_316' title='bbox 1149 3320 1372 3397; x_wconf 91' lang='lat' dir='ltr'><strong>species</strong></span> <span class='ocrx_word' id='word_1_317' title='bbox 1417 3319 1478 3378; x_wconf 91' lang='lat' dir='ltr'><strong>in</strong></span> <span class='ocrx_word' id='word_1_318' title='bbox 1525 3318 1710 3388; x_wconf 80' lang='lat' dir='ltr'><strong>libris,</strong></span> <span class='ocrx_word' id='word_1_319' title='bbox 1756 3320 1817 3378; x_wconf 92' lang='lat' dir='ltr'><strong>in</strong></span> <span class='ocrx_word' id='word_1_320' title='bbox 1865 3318 2080 3398; x_wconf 89' lang='lat' dir='ltr'><strong>quibus</strong></span> <span class='ocrx_word' id='word_1_321' title='bbox 2126 3317 2200 3377; x_wconf 88' lang='lat' dir='ltr'><strong>de</strong></span> <span class='ocrx_word' id='word_1_322' title='bbox 2245 3316 2399 3375; x_wconf 84' lang='lat' dir='ltr'><strong>flora</strong></span> <span class='ocrx_word' id='word_1_323' title='bbox 2443 3314 2671 3374; x_wconf 86' lang='lat' dir='ltr'><strong>Graeca</strong></span> <span class='ocrx_word' id='word_1_324' title='bbox 2716 3313 2924 3391; x_wconf 88' lang='lat' dir='ltr'><strong>agitur,</strong></span> 
     </span>
     <span class='ocr_line' id='line_1_35' title="bbox 431 3404 833 3464; baseline 0 -1"><span class='ocrx_word' id='word_1_325' title='bbox 431 3404 833 3464; x_wconf 89' lang='lat' dir='ltr'><strong>nominantur.</strong></span> 
     </span>
    </p>

    <p class='ocr_par' dir='ltr' id='par_1_6' title="bbox 391 3484 2929 4081">
     <span class='ocr_line' id='line_1_36' title="bbox 601 3484 2918 3570; baseline -0.003 -19"><span class='ocrx_word' id='word_1_326' title='bbox 601 3490 896 3569; x_wconf 87' lang='lat' dir='ltr'><strong>Imprimis</strong></span> <span class='ocrx_word' id='word_1_327' title='bbox 925 3510 1161 3570; x_wconf 89' lang='lat' dir='ltr'><strong>operam</strong></span> <span class='ocrx_word' id='word_1_328' title='bbox 1189 3490 1339 3563; x_wconf 91' lang='lat' dir='ltr'><strong>dedi,</strong></span> <span class='ocrx_word' id='word_1_329' title='bbox 1370 3500 1438 3550; x_wconf 89' lang='lat' dir='ltr'><strong>ut</strong></span> <span class='ocrx_word' id='word_1_330' title='bbox 1465 3493 1757 3550; x_wconf 85' lang='lat' dir='ltr'><strong>exsiccata</strong></span> <span class='ocrx_word' id='word_1_331' title='bbox 1786 3489 2117 3559; x_wconf 85' lang='lat' dir='ltr'><strong>indicarem,</strong></span> <span class='ocrx_word' id='word_1_332' title='bbox 2150 3488 2223 3547; x_wconf 92' lang='lat' dir='ltr'><strong>de</strong></span> <span class='ocrx_word' id='word_1_333' title='bbox 2252 3485 2464 3566; x_wconf 91' lang='lat' dir='ltr'><strong>quibus</strong></span> <span class='ocrx_word' id='word_1_334' title='bbox 2494 3484 2918 3564; x_wconf 88' lang='lat' dir='ltr'><strong>descriptiones</strong></span> 
     </span>
     <span class='ocr_line' id='line_1_37' title="bbox 427 3575 2923 3656; baseline -0.002 -20"><span class='ocrx_word' id='word_1_335' title='bbox 427 3575 622 3636; x_wconf 77' lang='lat' dir='ltr'><strong>factae</strong></span> <span class='ocrx_word' id='word_1_336' title='bbox 665 3588 820 3648; x_wconf 89' lang='lat' dir='ltr'><strong>sunt,</strong></span> <span class='ocrx_word' id='word_1_337' title='bbox 879 3598 1017 3637; x_wconf 89' lang='lat' dir='ltr'><strong>cum</strong></span> <span class='ocrx_word' id='word_1_338' title='bbox 1063 3579 1132 3637; x_wconf 86' lang='lat' dir='ltr'><strong>iis</strong></span> <span class='ocrx_word' id='word_1_339' title='bbox 1175 3598 1351 3656; x_wconf 88' lang='lat' dir='ltr'><strong>saepe</strong></span> <span class='ocrx_word' id='word_1_340' title='bbox 1394 3577 1815 3656; x_wconf 86' lang='lat' dir='ltr'><strong>descriptiones</strong></span> <span class='ocrx_word' id='word_1_341' title='bbox 1862 3596 1981 3635; x_wconf 90' lang='lat' dir='ltr'><strong>non</strong></span> <span class='ocrx_word' id='word_1_342' title='bbox 2028 3575 2171 3635; x_wconf 89' lang='lat' dir='ltr'><strong>satis</strong></span> <span class='ocrx_word' id='word_1_343' title='bbox 2216 3582 2521 3633; x_wconf 88' lang='lat' dir='ltr'><strong>accuratae</strong></span> <span class='ocrx_word' id='word_1_344' title='bbox 2566 3590 2923 3650; x_wconf 89' lang='lat' dir='ltr'><strong>magnopere</strong></span> 
     </span>
     <span class='ocr_line' id='line_1_38' title="bbox 428 3659 2929 3745; baseline -0.003 -22"><span class='ocrx_word' id='word_1_345' title='bbox 428 3671 536 3723; x_wconf 90' lang='lat' dir='ltr'><strong>aut</strong></span> <span class='ocrx_word' id='word_1_346' title='bbox 577 3662 838 3742; x_wconf 88' lang='lat' dir='ltr'><strong>suppleri</strong></span> <span class='ocrx_word' id='word_1_347' title='bbox 883 3674 987 3724; x_wconf 91' lang='lat' dir='ltr'><strong>aut</strong></span> <span class='ocrx_word' id='word_1_348' title='bbox 1031 3665 1234 3745; x_wconf 85' lang='lat' dir='ltr'><strong>corrigi</strong></span> <span class='ocrx_word' id='word_1_349' title='bbox 1280 3665 1524 3743; x_wconf 89' lang='lat' dir='ltr'><strong>possint.</strong></span> <span class='ocrx_word' id='word_1_350' title='bbox 1579 3664 1693 3723; x_wconf 88' lang='lat' dir='ltr'><strong>·In</strong></span> <span class='ocrx_word' id='word_1_351' title='bbox 1750 3682 1871 3744; x_wconf 89' lang='lat' dir='ltr'><strong>qua</strong></span> <span class='ocrx_word' id='word_1_352' title='bbox 1920 3682 1985 3722; x_wconf 83' lang='lat' dir='ltr'><strong>re</strong></span> <span class='ocrx_word' id='word_1_353' title='bbox 2042 3661 2327 3740; x_wconf 89' lang='lat' dir='ltr'><strong>imprimis</strong></span> <span class='ocrx_word' id='word_1_354' title='bbox 2381 3659 2757 3720; x_wconf 90' lang='lat' dir='ltr'><strong>collectiones</strong></span> <span class='ocrx_word' id='word_1_355' title='bbox 2818 3678 2929 3717; x_wconf 89' lang='lat' dir='ltr'><strong>nu-</strong></span> 
     </span>
     <span class='ocr_line' id='line_1_39' title="bbox 432 3743 2927 3830; baseline -0.003 -21"><span class='ocrx_word' id='word_1_356' title='bbox 432 3749 604 3810; x_wconf 88' lang='lat' dir='ltr'><strong>meris</strong></span> <span class='ocrx_word' id='word_1_357' title='bbox 647 3760 885 3811; x_wconf 87' lang='lat' dir='ltr'><strong>notatae</strong></span> <span class='ocrx_word' id='word_1_358' title='bbox 930 3750 1145 3811; x_wconf 89' lang='lat' dir='ltr'><strong>allatae</strong></span> <span class='ocrx_word' id='word_1_359' title='bbox 1191 3762 1346 3823; x_wconf 87' lang='lat' dir='ltr'><strong>sunt,</strong></span> <span class='ocrx_word' id='word_1_360' title='bbox 1393 3772 1526 3811; x_wconf 90' lang='lat' dir='ltr'><strong>cum</strong></span> <span class='ocrx_word' id='word_1_361' title='bbox 1573 3751 1829 3810; x_wconf 84' lang='lat' dir='ltr'><strong>maxime</strong></span> <span class='ocrx_word' id='word_1_362' title='bbox 1872 3749 2226 3830; x_wconf 86' lang='lat' dir='ltr'><strong>pervulgata</strong></span> <span class='ocrx_word' id='word_1_363' title='bbox 2270 3748 2404 3819; x_wconf 78' lang='lat' dir='ltr'><strong>sint,</strong></span> <span class='ocrx_word' id='word_1_364' title='bbox 2451 3756 2521 3806; x_wconf 90' lang='lat' dir='ltr'><strong>ut</strong></span> <span class='ocrx_word' id='word_1_365' title='bbox 2560 3743 2927 3805; x_wconf 91' lang='lat' dir='ltr'><strong>Heldreichii</strong></span> 
     </span>
     <span class='ocr_line' id='line_1_40' title="bbox 432 3831 2923 3916; baseline -0.003 -20"><span class='ocrx_word' id='word_1_366' title='bbox 432 3836 765 3897; x_wconf 87' lang='lat' dir='ltr'><strong>herbarium</strong></span> <span class='ocrx_word' id='word_1_367' title='bbox 791 3836 1084 3898; x_wconf 87' lang='lat' dir='ltr'><strong>Graecum</strong></span> <span class='ocrx_word' id='word_1_368' title='bbox 1117 3838 1377 3897; x_wconf 89' lang='lat' dir='ltr'><strong>normale</strong></span> <span class='ocrx_word' id='word_1_369' title='bbox 1407 3848 1466 3897; x_wconf 91' lang='lat' dir='ltr'><strong>et</strong></span> <span class='ocrx_word' id='word_1_370' title='bbox 1495 3836 1857 3916; x_wconf 89' lang='lat' dir='ltr'><strong>Orphanidis</strong></span> <span class='ocrx_word' id='word_1_371' title='bbox 1887 3836 2040 3896; x_wconf 88' lang='lat' dir='ltr'><strong>flora</strong></span> <span class='ocrx_word' id='word_1_372' title='bbox 2070 3834 2301 3897; x_wconf 86' lang='lat' dir='ltr'><strong>Graeca</strong></span> <span class='ocrx_word' id='word_1_373' title='bbox 2329 3834 2637 3902; x_wconf 75' lang='lat' dir='ltr'><strong>exsiccata,</strong></span> <span class='ocrx_word' id='word_1_374' title='bbox 2667 3831 2923 3911; x_wconf 86' lang='lat' dir='ltr'><strong>optimae</strong></span> 
     </span>
     <span class='ocr_line' id='line_1_41' title="bbox 391 3916 2928 4003; baseline -0.002 -20"><span class='ocrx_word' id='word_1_375' title='bbox 391 3958 397 3973; x_wconf 90' lang='lat'>·</span> <span class='ocrx_word' id='word_1_376' title='bbox 429 3922 821 3996; x_wconf 76' lang='lat' dir='ltr'><strong>collectiones,</strong></span> <span class='ocrx_word' id='word_1_377' title='bbox 870 3924 1074 4003; x_wconf 91' lang='lat' dir='ltr'><strong>quales</strong></span> <span class='ocrx_word' id='word_1_378' title='bbox 1120 3924 1192 3983; x_wconf 91' lang='lat' dir='ltr'><strong>de</strong></span> <span class='ocrx_word' id='word_1_379' title='bbox 1239 3924 1440 4003; x_wconf 90' lang='lat' dir='ltr'><strong>paucis</strong></span> <span class='ocrx_word' id='word_1_380' title='bbox 1485 3925 1654 3984; x_wconf 88' lang='lat' dir='ltr'><strong>terris</strong></span> <span class='ocrx_word' id='word_1_381' title='bbox 1698 3923 2020 3995; x_wconf 90' lang='lat' dir='ltr'><strong>habemus;</strong></span> <span class='ocrx_word' id='word_1_382' title='bbox 2069 3930 2191 3981; x_wconf 87' lang='lat' dir='ltr'><strong>tum</strong></span> <span class='ocrx_word' id='word_1_383' title='bbox 2236 3920 2492 4000; x_wconf 90' lang='lat' dir='ltr'><strong>quidem,</strong></span> <span class='ocrx_word' id='word_1_384' title='bbox 2541 3940 2677 3980; x_wconf 89' lang='lat' dir='ltr'><strong>cum</strong></span> <span class='ocrx_word' id='word_1_385' title='bbox 2723 3916 2928 3977; x_wconf 90' lang='lat' dir='ltr'><strong>collec-</strong></span> 
     </span>
     <span class='ocr_line' id='line_1_42' title="bbox 433 4004 2927 4081; baseline -0.003 -12"><span class='ocrx_word' id='word_1_386' title='bbox 433 4010 623 4070; x_wconf 86' lang='lat' dir='ltr'><strong>tiones</strong></span> <span class='ocrx_word' id='word_1_387' title='bbox 655 4011 911 4071; x_wconf 90' lang='lat' dir='ltr'><strong>numeris</strong></span> <span class='ocrx_word' id='word_1_388' title='bbox 935 4020 1171 4071; x_wconf 86' lang='lat' dir='ltr'><strong>notatae</strong></span> <span class='ocrx_word' id='word_1_389' title='bbox 1193 4030 1314 4069; x_wconf 90' lang='lat' dir='ltr'><strong>non</strong></span> <span class='ocrx_word' id='word_1_390' title='bbox 1338 4010 1597 4081; x_wconf 89' lang='lat' dir='ltr'><strong>aderant,</strong></span> <span class='ocrx_word' id='word_1_391' title='bbox 1629 4010 2004 4071; x_wconf 85' lang='lat' dir='ltr'><strong>collectiones</strong></span> <span class='ocrx_word' id='word_1_392' title='bbox 2034 4009 2295 4068; x_wconf 88' lang='lat' dir='ltr'><strong>numeris</strong></span> <span class='ocrx_word' id='word_1_393' title='bbox 2320 4028 2440 4069; x_wconf 91' lang='lat' dir='ltr'><strong>non</strong></span> <span class='ocrx_word' id='word_1_394' title='bbox 2463 4017 2700 4067; x_wconf 87' lang='lat' dir='ltr'><strong>ornatas</strong></span> <span class='ocrx_word' id='word_1_395' title='bbox 2730 4004 2927 4064; x_wconf 89' lang='lat' dir='ltr'><strong>citavi.</strong></span> 
     </span>
    </p>

    <p class='ocr_par' dir='ltr' id='par_1_7' title="bbox 431 4089 2935 4437">
     <span class='ocr_line' id='line_1_43' title="bbox 608 4089 2931 4175; baseline -0.003 -19"><span class='ocrx_word' id='word_1_396' title='bbox 608 4097 941 4175; x_wconf 85' lang='lat' dir='ltr'><strong>Diagnoses</strong></span> <span class='ocrx_word' id='word_1_397' title='bbox 986 4099 1236 4175; x_wconf 88' lang='lat' dir='ltr'><strong>optimas</strong></span> <span class='ocrx_word' id='word_1_398' title='bbox 1280 4110 1340 4156; x_wconf 91' lang='lat' dir='ltr'><strong>et</strong></span> <span class='ocrx_word' id='word_1_399' title='bbox 1383 4098 1848 4157; x_wconf 88' lang='lat' dir='ltr'><strong>accuratissimas</strong></span> <span class='ocrx_word' id='word_1_400' title='bbox 1893 4117 1932 4157; x_wconf 89' lang='lat' dir='ltr'><strong>a</strong></span> <span class='ocrx_word' id='word_1_401' title='bbox 1975 4096 2268 4155; x_wconf 89' lang='lat' dir='ltr'><strong>Boissiero</strong></span> <span class='ocrx_word' id='word_1_402' title='bbox 2328 4094 2389 4154; x_wconf 91' lang='lat' dir='ltr'><strong>in</strong></span> <span class='ocrx_word' id='word_1_403' title='bbox 2446 4094 2601 4153; x_wconf 82' lang='lat' dir='ltr'><strong>flora</strong></span> <span class='ocrx_word' id='word_1_404' title='bbox 2660 4089 2931 4152; x_wconf 89' lang='lat' dir='ltr'><strong>orientali</strong></span> 
     </span>
     <span class='ocr_line' id='line_1_44' title="bbox 431 4176 2934 4264; baseline -0.003 -21"><span class='ocrx_word' id='word_1_405' title='bbox 431 4182 728 4243; x_wconf 89' lang='lat' dir='ltr'><strong>adhibitas</strong></span> <span class='ocrx_word' id='word_1_406' title='bbox 773 4186 1034 4244; x_wconf 82' lang='lat' dir='ltr'><strong>maxima</strong></span> <span class='ocrx_word' id='word_1_407' title='bbox 1075 4183 1314 4264; x_wconf 90' lang='lat' dir='ltr'><strong>quidem</strong></span> <span class='ocrx_word' id='word_1_408' title='bbox 1359 4204 1434 4243; x_wconf 92' lang='lat' dir='ltr'><strong>ex</strong></span> <span class='ocrx_word' id='word_1_409' title='bbox 1481 4194 1645 4263; x_wconf 81' lang='lat' dir='ltr'><strong>parte</strong></span> <span class='ocrx_word' id='word_1_410' title='bbox 1690 4194 1924 4244; x_wconf 89' lang='lat' dir='ltr'><strong>secutus</strong></span> <span class='ocrx_word' id='word_1_411' title='bbox 1969 4204 2099 4243; x_wconf 91' lang='lat' dir='ltr'><strong>sum</strong></span> <span class='ocrx_word' id='word_1_412' title='bbox 2142 4202 2333 4262; x_wconf 90' lang='lat' dir='ltr'><strong>neque</strong></span> <span class='ocrx_word' id='word_1_413' title='bbox 2366 4180 2606 4251; x_wconf 88' lang='lat' dir='ltr'><strong>mutavi,</strong></span> <span class='ocrx_word' id='word_1_414' title='bbox 2654 4178 2782 4249; x_wconf 91' lang='lat' dir='ltr'><strong>nisi,</strong></span> <span class='ocrx_word' id='word_1_415' title='bbox 2830 4176 2934 4237; x_wconf 91' lang='lat' dir='ltr'><strong>ubi</strong></span> 
     </span>
     <span class='ocr_line' id='line_1_45' title="bbox 435 4265 2935 4350; baseline -0.002 -23"><span class='ocrx_word' id='word_1_416' title='bbox 435 4271 794 4331; x_wconf 90' lang='lat' dir='ltr'><strong>mutationes</strong></span> <span class='ocrx_word' id='word_1_417' title='bbox 837 4280 1074 4350; x_wconf 88' lang='lat' dir='ltr'><strong>propter</strong></span> <span class='ocrx_word' id='word_1_418' title='bbox 1113 4271 1334 4350; x_wconf 86' lang='lat' dir='ltr'><strong>species</strong></span> <span class='ocrx_word' id='word_1_419' title='bbox 1364 4269 1560 4330; x_wconf 92' lang='lat' dir='ltr'><strong>denuo</strong></span> <span class='ocrx_word' id='word_1_420' title='bbox 1590 4271 1891 4331; x_wconf 90' lang='lat' dir='ltr'><strong>institutas</strong></span> <span class='ocrx_word' id='word_1_421' title='bbox 1922 4271 2046 4330; x_wconf 91' lang='lat' dir='ltr'><strong>sive</strong></span> <span class='ocrx_word' id='word_1_422' title='bbox 2075 4269 2205 4329; x_wconf 90' lang='lat' dir='ltr'><strong>aliis</strong></span> <span class='ocrx_word' id='word_1_423' title='bbox 2236 4290 2311 4329; x_wconf 85' lang='lat' dir='ltr'><strong>ex</strong></span> <span class='ocrx_word' id='word_1_424' title='bbox 2348 4268 2543 4329; x_wconf 92' lang='lat' dir='ltr'><strong>causis</strong></span> <span class='ocrx_word' id='word_1_425' title='bbox 2575 4265 2935 4324; x_wconf 89' lang='lat' dir='ltr'><strong>necessarias</strong></span> 
     </span>
     <span class='ocr_line' id='line_1_46' title="bbox 436 4356 2306 4437; baseline 0.001 -23"><span class='ocrx_word' id='word_1_426' title='bbox 436 4374 579 4429; x_wconf 90' lang='lat' dir='ltr'><strong>esse,</strong></span> <span class='ocrx_word' id='word_1_427' title='bbox 627 4366 746 4429; x_wconf 88' lang='lat' dir='ltr'><strong>aut,</strong></span> <span class='ocrx_word' id='word_1_428' title='bbox 792 4356 894 4417; x_wconf 91' lang='lat' dir='ltr'><strong>ubi</strong></span> <span class='ocrx_word' id='word_1_429' title='bbox 941 4358 1196 4437; x_wconf 89' lang='lat' dir='ltr'><strong>speciem</strong></span> <span class='ocrx_word' id='word_1_430' title='bbox 1241 4357 1412 4417; x_wconf 87' lang='lat' dir='ltr'><strong>aliter</strong></span> <span class='ocrx_word' id='word_1_431' title='bbox 1455 4356 1862 4417; x_wconf 88' lang='lat' dir='ltr'><strong>definiendam</strong></span> <span class='ocrx_word' id='word_1_432' title='bbox 1906 4376 2038 4416; x_wconf 91' lang='lat' dir='ltr'><strong>esse</strong></span> <span class='ocrx_word' id='word_1_433' title='bbox 2080 4356 2306 4435; x_wconf 87' lang='lat' dir='ltr'><strong>putavi.</strong></span> 
     </span>
    </p>

    <p class='ocr_par' dir='ltr' id='par_1_8' title="bbox 439 4436 2937 4610">
     <span class='ocr_line' id='line_1_47' title="bbox 609 4436 2936 4524; baseline -0.006 -17"><span class='ocrx_word' id='word_1_434' title='bbox 609 4444 702 4507; x_wconf 87' lang='lat' dir='ltr'><strong>Ut</strong></span> <span class='ocrx_word' id='word_1_435' title='bbox 745 4445 966 4524; x_wconf 89' lang='lat' dir='ltr'><strong>species</strong></span> <span class='ocrx_word' id='word_1_436' title='bbox 1011 4443 1249 4504; x_wconf 81' lang='lat' dir='ltr'><strong>facilius</strong></span> <span class='ocrx_word' id='word_1_437' title='bbox 1296 4444 1473 4503; x_wconf 84' lang='lat' dir='ltr'><strong>statui</strong></span> <span class='ocrx_word' id='word_1_438' title='bbox 1523 4455 1777 4523; x_wconf 91' lang='lat' dir='ltr'><strong>possent,</strong></span> <span class='ocrx_word' id='word_1_439' title='bbox 1826 4463 2067 4523; x_wconf 89' lang='lat' dir='ltr'><strong>operam</strong></span> <span class='ocrx_word' id='word_1_440' title='bbox 2111 4442 2265 4513; x_wconf 92' lang='lat' dir='ltr'><strong>dedi,</strong></span> <span class='ocrx_word' id='word_1_441' title='bbox 2312 4452 2379 4501; x_wconf 89' lang='lat' dir='ltr'><strong>ut</strong></span> <span class='ocrx_word' id='word_1_442' title='bbox 2421 4448 2650 4519; x_wconf 88' lang='lat' dir='ltr'><strong>praeter</strong></span> <span class='ocrx_word' id='word_1_443' title='bbox 2692 4436 2936 4516; x_wconf 89' lang='lat' dir='ltr'><strong>disposi-</strong></span> 
     </span>
     <span class='ocr_line' id='line_1_48' title="bbox 439 4524 2937 4610; baseline -0.002 -19"><span class='ocrx_word' id='word_1_444' title='bbox 439 4530 664 4591; x_wconf 89' lang='lat' dir='ltr'><strong>tionem</strong></span> <span class='ocrx_word' id='word_1_445' title='bbox 725 4530 1050 4591; x_wconf 89' lang='lat' dir='ltr'><strong>secundum</strong></span> <span class='ocrx_word' id='word_1_446' title='bbox 1113 4532 1397 4592; x_wconf 87' lang='lat' dir='ltr'><strong>sectiones</strong></span> <span class='ocrx_word' id='word_1_447' title='bbox 1457 4531 1780 4592; x_wconf 85' lang='lat' dir='ltr'><strong>dividerem</strong></span> <span class='ocrx_word' id='word_1_448' title='bbox 1848 4532 1911 4590; x_wconf 89' lang='lat' dir='ltr'><strong>in</strong></span> <span class='ocrx_word' id='word_1_449' title='bbox 1972 4538 2165 4610; x_wconf 87' lang='lat' dir='ltr'><strong>partes</strong></span> <span class='ocrx_word' id='word_1_450' title='bbox 2225 4528 2507 4598; x_wconf 79' lang='lat' dir='ltr'><strong>minorcS,</strong></span> <span class='ocrx_word' id='word_1_451' title='bbox 2576 4545 2727 4605; x_wconf 85' lang='lat' dir='ltr'><strong>quae</strong></span> <span class='ocrx_word' id='word_1_452' title='bbox 2789 4524 2937 4587; x_wconf 79' lang='lat' dir='ltr'><strong>duas</strong></span> 
     </span>
    </p>
   </div>
  </div>
 </body>
</html>
