3273 5134
1461 408 1729 459 Praefatio.
2771 402 2854 457 111

353 588 583 639 tantum
629 580 855 659 species
903 579 1326 641 concluderent
1368 590 1545 660 atque
1588 580 1896 641 contrariis
1940 580 2321 660 diagnosticis
2352 580 2850 651 discernerentur;

350 666 518 745 signa
568 666 887 745 anteposui
956 665 1125 728 haec:
1189 686 1227 726 a
1269 688 1315 730 α
1360 676 1409 722 Χ
1458 668 1523 732 O
1572 718 1585 731 .
1632 689 1648 738 ;
1693 712 1708 737 ,
1757 702 1858 728 -.
1965 667 2156 729 Simul
2215 679 2596 746 conspectum
2658 668 2850 747 operis

350 752 651 814 clariorem
698 752 827 813 fieri
863 754 1090 831 putavi,
1136 754 1183 813 si
1220 754 1383 814 hunc
1412 764 1787 834 conspectum
1822 754 2122 832 signorum
2153 754 2519 834 singulorum
2551 774 2848 833 generum,

348 840 567 920 quibus
612 838 947 918 complures
992 840 1211 920 species
1255 850 1411 913 sunt,
1459 840 1836 919 descriptioni
1879 840 2362 921 praeposuissem.

523 926 706 1003 Quod
767 926 843 985 ad
891 925 1038 999 loca,
1098 926 1199 988 ubi
1245 928 1467 1007 species
1514 928 1911 999 inveniuntur,
1981 927 2244 988 notanda
2300 927 2568 1007 pertinet,
2635 928 2850 997 omnia,

346 1030 501 1092 quae
544 1014 671 1073 sive
714 1032 791 1072 ex
835 1011 1163 1073 litteratura
1215 1014 1337 1074 sive
1382 1035 1459 1074 ex
1501 1013 1783 1075 herbas-iis
1826 1034 2176 1092 cognoscere
2221 1015 2399 1094 potui,
2459 1011 2645 1085 attuli,
2692 1014 2850 1093 quod

346 1099 457 1159 hoc
502 1100 635 1159 solo
679 1099 873 1170 mode,
933 1100 1151 1179 quibus
1205 1102 1269 1159 in
1327 1100 1670 1179 regionibus
1731 1110 1928 1173 terrae,
1989 1100 2147 1181 quod
2203 1101 2281 1160 ad
2325 1100 2538 1160 floram
2585 1102 2852 1180 pertinet,

346 1204 470 1245 non
532 1188 677 1245 satis
733 1187 1180 1266 pervestigatae,
1242 1188 1464 1267 species
1509 1188 1903 1260 inveniantur,
1958 1197 2111 1248 certe
2166 1187 2416 1248 discerni
2474 1196 2684 1266 potest.
2775 1186 2852 1247 In

346 1275 557 1351 paucis
602 1282 839 1333 tantum
885 1273 1210 1352 speciebus,
1269 1294 1419 1353 quas
1469 1273 1689 1355 ubique
1748 1275 2000 1335 inveniri
2057 1284 2306 1347 constat,
2367 1275 2524 1335 hanc
2568 1274 2850 1333 rationem

348 1360 611 1439 neglexi.
702 1358 969 1419 Nomina
1012 1359 1271 1421 locorum
1316 1361 1401 1421 ita
1444 1362 1669 1441 scripsi,
1728 1371 1797 1421 ut
1849 1361 1975 1422 sive
2020 1362 2084 1421 in
2129 1361 2292 1422 libris
2353 1362 2478 1421 sive
2533 1360 2595 1419 in
2663 1360 2852 1420 titulis

346 1446 473 1505 sive
518 1446 581 1504 in
614 1446 821 1506 charta
856 1447 1019 1526 regni
1051 1447 1335 1509 Graeciae
1376 1448 1770 1527 geographica
1813 1467 1850 1507 a
1893 1448 2131 1509 militari
2171 1448 2437 1508 instituto
2467 1448 2852 1527 geographico

348 1530 810 1593 vindobonensi
858 1533 1096 1593 modulo
1146 1541 1176 1595 1
1214 1538 1555 1597 :3000000
1610 1554 1770 1595 anno
1833 1540 1996 1597 1885
2044 1534 2202 1594 edita
2246 1544 2422 1613 atque
2467 1533 2543 1594 ab
2577 1533 2662 1596 H.
2713 1533 2854 1594 Kie-

346 1628 517 1698 perto
562 1628 873 1699 perspecta
914 1630 1019 1681 aut
1061 1620 1119 1680 in
1166 1620 1369 1680 charta
1415 1620 1624 1683 Cretae
1669 1621 1746 1681 ab
1777 1620 1862 1681 H.
1893 1621 2181 1700 Kieperto
2224 1621 2384 1681 edita
2427 1622 2644 1681 inveni.
2712 1620 2854 1696 Qua

348 1706 411 1765 in
456 1726 523 1765 re
578 1706 1043 1767 uniformitatem
1102 1706 1456 1767 difficillime
1517 1707 1847 1768 conservari
1913 1708 2191 1787 potuisse,
2252 1706 2428 1768 facile
2487 1705 2851 1785 intelligitur,

348 1792 691 1872 praesertim
737 1812 873 1852 cum
919 1802 979 1854 et
1020 1792 1163 1854 locis
1208 1802 1269 1854 et
1311 1794 1611 1855 montibus
1664 1804 1726 1854 et
1767 1793 2139 1867 fluminibus,
2197 1794 2310 1853 nisi
2353 1791 2673 1872 complura,
2734 1791 2852 1852 duo

350 1877 568 1939 saltem
614 1880 859 1939 nomina
886 1880 1021 1950 sint,
1066 1878 1318 1940 alterum
1352 1882 1613 1961 antiquo,
1661 1880 1911 1941 alterum
1941 1881 2256 1960 posteriore
2289 1891 2546 1960 tempore
2578 1879 2849 1939 inditum.

350 1965 471 2027 Sed
520 1986 657 2026 cum
703 1965 861 2037 locis,
906 1966 1011 2027 ubi
1044 1968 1265 2047 species
1292 1968 1689 2040 inveniuntur,
1737 1988 1969 2048 semper
1997 1968 2329 2047 provinciae
2360 1987 2577 2027 nomen
2609 1986 2852 2045 praepo-

352 2052 589 2123 suerim,
650 2051 1001 2132 plerumque
1051 2052 1210 2113 haud
1270 2054 1594 2115 difficiliter
1644 2053 1788 2124 loca,
1850 2055 1896 2113 si
1951 2054 2193 2133 quidem
2248 2055 2307 2113 in
2355 2054 2571 2114 chartis
2614 2072 2851 2131 geogra-

354 2138 543 2218 phicis
588 2138 881 2219 descripta
925 2148 1081 2212 sunt,
1126 2141 1379 2201 inveniri
1423 2161 1596 2220 posse
1639 2141 1782 2201 mihi
1827 2141 2122 2202 videntur.

528 2225 741 2286 Restat
784 2225 1055 2305 denique,
1099 2236 1169 2287 ut
1201 2227 1493 2301 omnibus,
1539 2229 1643 2307 qui
1674 2248 1768 2289 me
1795 2229 1855 2288 in
1899 2228 2012 2287 hoc
2056 2247 2231 2306 opere
2274 2226 2645 2287 conficiendo
2691 2225 2852 2286 adiu·

356 2322 584 2383 verunt⁹
644 2312 861 2391 gratias
920 2332 1107 2392 agam,
1162 2314 1445 2393 imprimis
1502 2314 1616 2376 Th.
1664 2314 1738 2374 de
1783 2312 2126 2386 Heldreich,
2185 2314 2373 2373 amico
2431 2333 2559 2373 meo
2605 2321 2850 2384 mortu0,

354 2399 455 2477 qui
500 2396 721 2459 multos
764 2419 870 2478 per
914 2418 1103 2460 annos
1147 2402 1396 2461 materia
1439 2399 1752 2462 herbarum
1797 2399 2237 2479 subpeditanda
2278 2399 2356 2460 ad
2398 2398 2509 2460 hoc
2538 2420 2686 2479 opus
2716 2419 2854 2459 con-

358 2484 687 2546 ficiendum
756 2485 1079 2563 plurimum
1151 2485 1351 2547 valuit.
1452 2488 1690 2549 Gratias
1756 2488 1990 2567 quoque
2057 2488 2349 2547 maximas
2423 2484 2854 2545 illustrissimae

350 2571 691 2633 academiae
733 2571 1060 2634 litterarum
1105 2593 1409 2636 caesareae
1438 2573 1898 2636 Vindobonensi
1944 2574 2144 2646 debe0,
2191 2594 2343 2653 quae
2373 2593 2466 2633 me
2496 2575 2648 2633 etin
2695 2591 2868 2652 pere-‘

354 2659 683 2738 grinafione
727 2676 857 2719 mea
900 2681 1007 2739 per
1050 2659 1363 2722 Graeciam
1408 2662 1670 2723 secunda
1723 2671 1784 2723 et
1840 2662 1902 2721 in
1957 2661 2212 2721 editione
2254 2659 2430 2720 huius
2474 2660 2663 2738 operis
2708 2659 2853 2720 libe·

358 2744 649 2806 ralissima
692 2745 1107 2808 munificentia
1148 2747 1396 2810 adiuvit.

528 2832 715 2912 Spero
758 2834 921 2893 hunc
962 2833 1192 2907 librum,
1247 2855 1424 2915 quem
1470 2833 1549 2895 ad
1592 2835 1836 2895 modum
1883 2836 1962 2895 sit
2003 2853 2266 2905 mancuS,
2313 2842 2514 2892 tamen
2560 2830 2854 2904 omnibus,

354 2919 453 2998 qui
498 2919 687 2980 florae
732 2919 997 2981 Graecae
1040 2941 1276 3000 operam
1322 2921 1484 2994 dant,
1548 2923 1895 3001 magistrum
1952 2929 2129 3000 atque
2187 2920 2274 2990 iis,
2334 2919 2438 2998 qui
2489 2919 2735 2998 posthac
2779 2917 2856 2978 de

354 3005 463 3066 hac
506 3026 571 3066 rc
610 3017 912 3085 quaerent,
974 3006 1432 3069 fundamentum
1489 3009 1633 3080 fore,
1694 3029 1876 3088 quare
1935 3027 2173 3087 operam
2235 3005 2456 3066 multos
2514 3025 2618 3085 per
2663 3024 2855 3064 annos

356 3092 418 3152 in
461 3091 619 3153 hanc
661 3113 785 3154 rem
830 3104 1243 3174 consumptam
1292 3115 1385 3155 me
1428 3116 1551 3156 non
1597 3095 1923 3174 perdidisse
1967 3103 2128 3175 pute.

2396 3316 2753 3397 Auctor.

2478 4695 2541 4749 1*
