3273 5134
496 295 596 348 XX
1572 298 1902 346 Introductio.

491 469 831 530 Thessaliae
874 479 1069 549 partes
1115 469 1372 530 diffusae
1417 470 1508 529 his
1555 468 1895 548 regionibus
1944 468 2037 530 vel
2082 470 2312 530 flavum
2374 470 2465 530 vel
2514 470 2841 530 caeruleum
2892 471 2989 531 vel

493 557 696 618 album
743 556 994 617 colorem
1041 557 1307 617 afferunt
1351 558 1447 627 ita,
1494 567 1562 616 ut
1591 565 1753 616 satae
1783 577 1909 616 esse
1958 557 2283 632 videantur.
2358 555 2411 619 ὁ.
2461 556 2797 616 Formatio
2843 557 2985 618 suf-

493 643 818 704 srutieum
851 642 1206 703 humilium
1241 645 1366 703 sive
1391 643 1934 720 Phryganorum,
1974 646 2030 704 in
2063 665 2183 722 qua
2204 643 2499 704 nonnulla
2536 641 2700 706 Cis-ti
2727 665 2987 724 ymera,

502 729 774 794 Geni-sta
820 728 1305 808 acanthoclada‚
1368 728 1701 809 Anthyllis
1756 729 1835 793 H
1828 729 2218 809 ermanniae,
2278 729 2605 794 Poterinm
2648 731 2991 811 spinosum,

493 816 787 882 Phlomz's
799 816 1147 901 fruticosa,
1197 815 1508 880 Satur-eia
1541 815 1851 900 thymbra,
1898 816 2179 898 Thymus
2216 816 2557 897 capitatus,
2608 815 2996 882 Globularia

496 905 774 986 alypum,
858 903 1246 985 Thymelaea
1308 902 1564 968 hirs-uta
1630 913 1690 964 et
1757 903 2175 976 tartomuira,
2250 903 2631 986 Euphorbia
2691 905 2995 970 acantho-

495 991 805 1063 thamnos,
867 1011 1019 1071 quae
1081 989 1258 1050 huius
1317 991 1688 1051 formationis
1746 992 1969 1071 species
2027 992 2411 1070 gravissimae
2472 1003 2625 1064 sunt,
2686 1003 2746 1052 et
2802 992 2995 1052 multa

496 1077 813 1138 herbarum
859 1087 1189 1137 tenerarum
1237 1088 1414 1156 atque
1445 1077 1823 1138 suffruticum
1867 1099 2095 1157 genera,
2143 1098 2293 1157 quae
2338 1078 2572 1139 illorum
2618 1081 2785 1158 quasi
2810 1079 2995 1140 tutela

495 1175 702 1226 contra
759 1164 897 1224 solis
957 1165 1221 1224 ardorem
1293 1175 1470 1244 atque
1529 1164 1649 1224 alia
1700 1165 2076 1225 incommoda
2134 1174 2396 1226 utuntur.
2488 1165 2790 1226 Nonnulis
2849 1167 2994 1226 loeis

499 1253 642 1312 haec
689 1252 966 1312 formatio
1010 1270 1132 1311 una
1175 1252 1296 1311 fere
1330 1253 1522 1330 specie
1561 1251 1689 1312 sola
1732 1254 2079 1324 continetur,
2126 1253 2292 1312 cuius
2339 1251 2553 1313 herbae
2598 1253 2863 1332 singulae
2907 1256 2995 1316 in·

495 1338 889 1400 numerabiles
935 1350 1076 1398 sunt
1127 1348 1195 1397 ut
1251 1339 1311 1397 in
1371 1337 1618 1416 planitie
1660 1338 1862 1399 Attica
1910 1337 2191 1421 Thymus
2238 1337 2572 1420 capitatus,
2634 1340 2695 1398 in
2742 1339 2995 1401 collibus

495 1426 652 1506 apud
709 1425 1108 1486 Kravassaras
1168 1433 1227 1484 et
1285 1427 1438 1484 Arta
1491 1426 1617 1484 sitis
1677 1423 1971 1490 Phlomis
2024 1424 2359 1508 fruticosa.
2466 1427 2588 1502 Qui
2652 1426 2829 1488 colles
2884 1427 2995 1488 hae

496 1513 848 1573 formatione
907 1512 1121 1573 obtecti
1176 1512 1253 1573 ab
1299 1510 1506 1572 incolis
1535 1512 1922 1584 ,Χοι-ονιιηει
1968 1513 2250 1572 nominati
2308 1523 2431 1572 tota
2474 1513 2532 1572 in
2582 1523 2733 1573 terra
2774 1517 2995 1594 (saepe)

499 1600 894 1660 inveniuntur.
945 1599 1117 1675 Quae
1141 1598 1412 1659 formatio
1439 1599 1744 1659 nonnullis
1766 1599 1909 1659 locis
1934 1620 2119 1678 usque
2149 1600 2224 1659 ad
2256 1600 2517 1678 regiones
2550 1606 2892 1664 60-1000
2918 1623 2993 1661 m.

497 1707 748 1766 aequore
795 1687 970 1746 maris
1001 1686 1235 1746 altiores
1267 1687 1568 1746 invenitur
1612 1695 1679 1746 ut-
1709 1688 1770 1746 in
1802 1686 2104 1746 Pentelico
2144 1699 2320 1766 atque
2353 1687 2643 1766 Hymetto
2688 1689 2995 1748 montibus

499 1775 560 1833 in
607 1774 826 1846 Attica,
875 1773 934 1832 in
985 1771 1246 1845 Euboea,
1298 1774 1354 1832 in
1403 1771 1632 1833 Ithome
1678 1783 1877 1833 monte
1922 1774 2271 1834 Messeniae.
2361 1795 2410 1837 ε.
2462 1773 2801 1834 Formatio
2847 1773 2992 1835 fru-

498 1859 709 1920 ticum
755 1857 1323 1932 sempervirorum
1370 1860 1492 1920 sive
1539 1859 2013 1936 Macchiorum,
2073 1861 2133 1919 in
2181 1881 2298 1938 qua
2342 1859 2623 1941 illyri-us,
2686 1861 2993 1942 Arbutu-S,

497 1945 728 2025 Erica,
783 1943 1195 2026 Calycntww,
1234 1944 1587 2027 Spartium,
1624 1945 1804 2010 Rosa
1833 1945 2305 2028 sempervi‘rem,
2356 1947 2581 2010 Bubus
2611 1948 2991 2031 edm-isolitw,

499 2031 816 2111 Pistacia,
872 2031 1240 2111 Ceratonia,
1285 2031 1461 2113 Olea,
1510 2031 1696 2096 Rhus
1725 2032 1991 2114 coffinus,
2031 2031 2385 2115 Phyllirea,
2442 2032 2675 2114 Cei-cie,
2720 2037 2999 2115 Quercus

498 2119 630 2185 ilem
682 2129 743 2180 et
785 2119 1122 2204 cocczfera,
1194 2118 1512 2184 Lonicera
1568 2125 1837 2198 etrusca,
1902 2121 2261 2202 ehmiperus
2306 2119 2679 2202 phoenicea,
2744 2122 2999 2186 Rusca-s·

501 2207 850 2286 aculeata-5,
897 2227 1049 2287 quae
1095 2209 1317 2286 species
1350 2207 1605 2286 virgulta
1634 2208 1806 2268 modo
1838 2208 2022 2268 densa
2054 2209 2342 2280 efficiunt,
2390 2207 2499 2268 sub
2530 2209 2742 2287 quibus
2775 2231 2997 2288 paucae

501 2294 716 2356 herbae
762 2303 916 2366 sunt,
966 2293 1139 2354 modo
1169 2293 1380 2366 soluta,
1426 2294 1537 2355 sub
1578 2295 1794 2373 quibus
1841 2294 2125 2374 plurimas
2170 2295 2383 2355 herbas
2428 2317 2502 2354 ex
2548 2297 2723 2356 variis
2756 2297 2997 2356 familiis

500 2381 784 2442 invenias,
847 2377 900 2460 ζ.
933 2377 1274 2441 Formatio
1300 2379 1521 2442 Oleac.
1593 2380 1864 2442 Incultae
1893 2381 2071 2452 oleae,
2104 2403 2253 2460 quae
2288 2382 2537 2460 virgulta
2570 2384 2807 2461 spinosa
2841 2395 2996 2456 sunt,

501 2477 685 2528 totam
730 2488 833 2547 per
875 2477 1086 2527 terram
1133 2468 1441 2547 dispersae,
1503 2468 1604 2528 sed
1652 2468 1900 2546 singulis
1945 2469 2089 2529 locis
2134 2489 2295 2528 rarae
2341 2469 2403 2527 in
2452 2468 2851 2529 Macchiorum
2896 2485 3000 2530 aut

501 2576 766 2637 quercus
797 2553 1142 2636 cocctferae
1185 2555 1634 2616 formationibus
1674 2557 2084 2629 inveniuntur;
2132 2555 2323 2616 cultae
2368 2556 2606 2616 demum
2653 2557 3000 2618 efficiuntur

501 2644 734 2704 arbores
779 2644 908 2703 sine
954 2643 1154 2722 spiniS,
1201 2664 1352 2721 quae
1383 2643 1444 2703 in
1475 2642 1847 2704 altitudinem
1900 2648 2063 2705 3—‘7
2106 2664 2181 2703 m.
2228 2654 2498 2703 crescunt
2542 2666 2733 2723 neque
2779 2645 2998 2705 densae

501 2741 667 2803 sunt3
715 2730 930 2809 quibus
961 2728 1072 2789 sub
1119 2727 1264 2789 oleis
1309 2730 1482 2790 cultis
1515 2729 1785 2791 similiter
1813 2741 1991 2810 atque
2022 2730 2133 2791 sub
2166 2730 2455 2791 Macehiis
2485 2731 2698 2791 herbae
2744 2732 2996 2792 humiles

501 2818 624 2877 sive
654 2815 912 2895 virgulta
942 2814 1117 2880 Rubi
1146 2814 1454 2902 ulmzfolii
1485 2816 1718 2895 singula
1747 2818 2153 2889 inveniuntur;
2208 2817 2481 2878 coluntur
2513 2838 2745 2897 quoque
2787 2819 2895 2878 sub
2928 2821 2998 2879 iis

502 2905 651 2965 vites
674 2913 733 2964 et
751 2904 1063 2963 frumenta.
1111 2904 1284 2979 Quae
1307 2904 1542 2965 arbores
1565 2913 1688 2963 tota
1713 2906 1774 2963 in
1802 2914 1947 2965 terra
1975 2905 2383 2975 inveniuntur3
2410 2914 2583 2965 notae
2608 2914 2749 2964 sunt
2765 2915 2999 2985 propter

501 2992 905 3051 extensionem
951 2991 1240 3051 olivarum
1286 2990 1469 3051 silvae
1528 2992 1586 3049 in
1635 2991 1898 3051 Phocide
1958 2992 2116 3071 apud
2166 2991 2564 3071 Amphissam,
2627 2992 2690 3051 in
2735 2991 2997 3073 Megara,

502 3077 659 3158 apud
722 3078 1008 3150 Athenas,
1079 3078 1179 3138 ubi
1240 3099 1342 3157 per
1400 3088 1581 3138 totam
1644 3078 1912 3157 Cephissi
1981 3078 2195 3139 vallem
2264 3099 2450 3157 usque
2517 3078 2593 3138 ad
2655 3079 2999 3141 Pentelicon

500 3175 758 3225 montem
820 3165 879 3223 in
945 3163 1368 3243 longitudinem
1439 3186 1625 3243 usque
1685 3166 1758 3226 ad
1830 3171 1905 3226 15
1954 3165 2078 3226 km.
2140 3166 2201 3224 in
2258 3165 2631 3225 latitudinem
2690 3188 2877 3245 usque
2922 3168 2999 3227 ad

503 3258 539 3313 2
587 3251 706 3311 km.
752 3252 1145 3330 porriguntur.
1213 3272 1271 3335 η.
1322 3250 1659 3312 Formatio
1706 3251 2005 3333 Quercus
2052 3250 2458 3313 coceiferae:
2507 3254 2773 3329 Quercus
2819 3255 3001 3314 coeci·

500 3340 659 3399 ferae
700 3339 858 3398 solae
905 3338 1024 3397 fere
1068 3338 1302 3399 arbores
1348 3340 1406 3398 in
1453 3340 1564 3399 hac
1609 3338 1962 3399 formatione
2008 3340 2412 3411 i1·1veniuntur;
2476 3347 2503 3401 1
2558 3361 2630 3400 m.
2679 3340 2798 3400 fere
2843 3340 3000 3401 altae
3087 3415 3091 3419 ι

500 3435 677 3504 atque
723 3424 955 3497 densae,
1003 3446 1250 3505 magnas
1288 3428 1550 3505 regiones
1581 3426 1872 3505 obtegunt
1902 3427 2257 3505 singularem
2291 3436 2593 3506 aspectum
2630 3428 2995 3506 praebentes

499 3512 660 3572 Nam
705 3511 938 3572 arbores
985 3511 1250 3591 singulae
1297 3534 1432 3573 vere
1478 3534 1723 3574 mancae
1769 3525 1922 3585 sunt,
1983 3514 2141 3593 quod
2202 3515 2328 3573 sine
2389 3513 2512 3573 ulla
2567 3514 2791 3574 ratione
2846 3517 3000 3575 exci-

500 3599 737 3672 duntur,
797 3598 1022 3673 deinde,
1085 3600 1240 3679 quod
1288 3621 1428 3661 oves
1473 3610 1532 3661 et
1576 3622 1803 3680 caprae,
1860 3622 2109 3680 quarum
2162 3622 2368 3679 greges
2414 3602 2506 3659 his
2552 3602 2613 3659 in
2658 3602 2998 3681 regionibus

500 3686 668 3747 multi
712 3695 1051 3766 pascuntur,
1099 3707 1231 3746 curn
1279 3687 1572 3747 meliorem
1621 3698 1855 3767 pastum
1889 3709 2007 3747 non
2043 3689 2367 3759 inveniant,
2414 3689 2679 3765 germina
2725 3691 2999 3767 quamvis

500 3773 658 3833 foliis
703 3774 893 3852 spissa
951 3774 1259 3845 derodunt,
1320 3796 1470 3853 quan
1533 3796 1640 3845 reS‚
1701 3777 2018 3853 quominus
2064 3775 2296 3834 altiores
2344 3774 2512 3847 fiant,
2572 3776 2998 3854 impedimento

501 3870 614 3935 est;
676 3881 798 3919 rem
844 3862 926 3919 ita
972 3882 1032 3920 se
1077 3860 1292 3921 habere
1335 3862 1472 3921 inde
1520 3861 1878 3939 intelligitur,
1933 3862 2089 3940 quod
2139 3862 2430 3921 interdum
2476 3862 2711 3922 arbores
2758 3862 2999 3923 adultae

500 3947 902 4011 inveniuntur.
995 3947 1272 4027 Virgulta
1318 3970 1389 4007 ex
1421 3948 1753 4027 quercubus
1784 3950 2077 4007 coceiferis
2124 3950 2445 4028 composita
2504 3948 2809 4009 nonnullis
2853 3949 2998 4010 locis

499 4054 718 4114 magna
763 4056 868 4113 per
901 4036 1090 4113 spatia
1136 4036 1366 4115 pascuis
1403 4036 1657 4095 exilibus
1689 4036 2212 4114 interrumpuntur,
2259 4056 2507 4114 quorum
2549 4037 2607 4095 in
2635 4036 2817 4096 humo
2849 4036 2995 4115 lapi-

500 4122 646 4181 dosa
693 4122 979 4199 vegetatio
1038 4123 1251 4199 exigua
1301 4131 1404 4181 est.
1495 4122 1688 4182 Rarae
1733 4122 1967 4183 arbores
2014 4120 2213 4185 Acerz‘
2256 4121 2782 4203 monspessulam‘,
2842 4122 3002 4188 Pin·

503 4208 1084 4291 amyydalvjbrmis,
1144 4210 1410 4290 Osl‘ryae
1462 4222 1566 4268 aut
1611 4210 1847 4267 frutices
1893 4208 2200 4291 Juniperi
2247 4209 2559 4290 osgescedri,
2608 4208 2996 4291 I'hgsllz'reae,

509 4294 819 4374 C'oleeteae,
891 4294 1328 4376 Calycotomae
1381 4297 1504 4356 sive
1562 4294 1895 4359 Ριζςΐαοὶαρ
1950 4315 2104 4357 sunt..
2210 4296 2449 4357 Herbae
2504 4296 2757 4357 humiles
2814 4300 2995 4358 eonti-

501 4390 718 4441 nentur
761 4402 866 4461 pro
912 4381 1226 4441 altitudine
1256 4381 1514 4441 locorum
1559 4382 1865 4461 speciebus
1912 4394 2011 4443 aut
2058 4383 2307 4461 regionis
2354 4384 2638 4443 inferioris
2685 4394 2789 4443 aut
2835 4406 2996 4445 mon-

505 4478 692 4540 tanae,
739 4470 880 4547 quin
928 4470 1100 4528 ctiam
1150 4468 1456 4529 abietinae.
1539 4470 1590 4529 F
1594 4472 1839 4529 ormatio
1886 4470 2027 4529 haec
2074 4492 2259 4550 usque
2306 4470 2377 4529 ad
2433 4476 2597 4533 1000
2638 4492 2709 4531 in.
2758 4472 2816 4530 in
2866 4472 2997 4531 alti-
