3273 5134
1207 1121 1560 1222 Fontes
1633 1115 1928 1221 florae
2004 1119 2459 1221 Graecae.

1727 1461 1905 1523 Adde
1922 1485 1935 1522 ε

583 1583 957 1638 Adamovic
993 1583 1069 1648 L.,
1124 1583 1380 1652 Beitrage
1417 1601 1515 1638 zur
1551 1583 1715 1638 Flora
1749 1599 1861 1637 von
1896 1581 2257 1636 Mazedonien
2294 1582 2405 1636 und
2438 1581 2766 1646 Alteerbien,
2803 1582 2855 1635 in
2889 1579 3055 1636 Deuk-

721 1669 864 1725 eohr.
901 1669 1069 1724 math.
1105 1671 1419 1727 natm-viee.
1455 1671 1657 1726 Klasse
1692 1669 1870 1724 Akad.
1906 1669 2078 1724 Wise.
2113 1668 2277 1724 Wien
2315 1669 2560 1725 LXXIV.
2922 1739 2929 1744 Ι

583 1753 970 1812 Adamovic
1005 1756 1082 1822 L„
1137 1757 1239 1812 Die
1275 1757 1644 1812 Panzerfbhre
1680 1757 1753 1810 im
1790 1755 2228 1824 Pinduegebiete,
2266 1754 2324 1810 in
2361 1759 2465 1811 bet.
2500 1756 2613 1811 bot.
2653 1757 2881 1812 Zeitsch.
2916 1756 3053 1812 1906-

583 1844 1049 1899 Behrendsen
1085 1843 1192 1909 W„
1248 1845 1392 1900 Zwei
1439 1862 1578 1899 neue
1626 1842 2353 1914 Alectorolophus-Fotmen‚
2392 1843 2449 1896 in
2484 1842 2632 1911 Allg.
2669 1843 2781 1898 bot.
2818 1842 3057 1898 zeitschr.

584 2019 1039 2074 Bornmflller
1074 2021 1142 2086 J.,
1196 2019 1471 2074 Kritische
1505 2018 1923 2086 Bemerkungen
1962 2018 2095 2072 uber
2132 2017 2438 2072 Centaurea
2474 2017 2737 2089 depressa
2772 2017 2847 2072 M.
2880 2017 2939 2071 B.
2974 2016 3061 2070 der

723 2123 906 2177 europ.
947 2107 1125 2172 Flora,
1163 2107 1218 2161 in
1256 2123 1439 2177 magy.
1477 2107 1587 2161 bot.
1624 2105 1734 2176 lap.
1776 2105 1924 2160 1905.

587 2193 1029 2249 Bornmflller
1078 2193 1145 2257 J.,
1217 2181 1364 2248 Uber
1426 2194 1511 2247 die
1567 2192 1929 2258 Verbreitung
1976 2209 2085 2246 von
2136 2191 2385 2246 Sidexitis
2438 2191 2732 2247 curvidens
2781 2192 2960 2262 stupf,
3009 2191 3061 2242 in

721 2280 941 2335 Mitteil.
978 2281 1124 2336 thur.
1162 2281 1272 2335 bot.
1311 2280 1437 2335 Ver.
1475 2297 1616 2334 neue
1652 2279 1821 2347 Folge
1861 2278 2008 2344 XVI,
2048 2279 2198 2334 1902.

585 2366 880 2421 Dbrfler
926 2367 994 2432 J.,
1044 2367 1266 2422 Bericht
1309 2366 1443 2420 fiber
1489 2367 1610 2421 eine
1665 2365 1987 2420 botanische
2024 2365 2521 2434 Forschungsreise
2568 2365 2739 2420 durch
2778 2367 2965 2428 litem,
3012 2366 3064 2418 in

721 2453 898 2507 Akad.
938 2454 1209 2520 Anzeiger
1243 2453 1402 2508 XXII
1439 2454 1535 2507 der
1570 2452 1712 2524 kaja.
1750 2451 1925 2506 Akad.
1963 2451 2135 2506 Wiss.
2172 2451 2353 2506 Wien.
2396 2453 2545 2506 1904.

583 2539 876 2596 Dbrfler
911 2540 977 2607 J.,
1020 2541 1401 2609 Mitteilungen
1438 2557 1538 2595 aus
1575 2540 1671 2595 der
1703 2538 1866 2594 Flora
1910 2539 2127 2603 KretaS,
2166 2539 2222 2593 in
2246 2538 2412 2594 Verb.
2450 2538 2589 2597 zool.
2626 2539 2738 2594 bot.
2762 2539 2889 2595 Ges,
2914 2538 3064 2592 Wien

728 2627 876 2681 1905.

583 2712 907 2785 Ηείάοεγ
946 2714 1023 2778 Ε.,
1077 2714 1380 2769 Novitaten
1430 2730 1530 2768 aus
1569 2714 1665 2767 der
1698 2712 2075 2779 griechischen
2111 2712 2289 2777 Flora,
2326 2714 2383 2767 in
2421 2709 2570 2769 Verh
2625 2712 2767 2767 zool.
2803 2712 2912 2767 bot.
2947 2712 3067 2766 Ges.

722 2799 886 2854 Wien
931 2802 1077 2855 1904.

583 2887 902 2958 Halacey
940 2887 1017 2953 Ε.,
1056 2887 1817 2942 Solenanthus'rournefortii
1844 2886 1953 2941 DC.
1992 2888 2048 2940 in
2076 2888 2309 2957 Europa,
2348 2888 2402 2940 in
2439 2902 2623 2957 magy.
2650 2887 2762 2941 bot.
2788 2886 2897 2958 lap.
2923 2886 3068 2941 1905.

584 2974 894 3044 ΗιιΙάοεγ
932 2974 1009 3039 Ε.,
1079 2974 1434 3042 Aufzahlung
1483 2974 1577 3028 der
1623 2990 1736 3028 von
1776 2973 1955 3027 Herrn
1998 2973 2145 3027 Prot.
2183 2973 2240 3027 L.
2277 2973 2583 3027 Adamovic
2629 2973 2705 3027 im
2740 2973 2910 3028 Jahre
2948 2974 3072 3027 1905

726 3061 826 3115 auf
859 3061 954 3114 der
977 3060 1467 3115 Balkanhalbineel
1503 3058 1903 3128 gesammelten
1931 3059 2203 3125 Pflanzen,
2244 3060 2297 3112 in
2338 3064 2443 3115 fist.
2480 3059 2591 3113 bot.
2629 3060 2893 3114 zeitschr.
2933 3060 3073 3114 1906.

585 3148 1010 3202 Hildebrand
1047 3147 1124 3213 F„
1181 3138 1328 3202 Uber
1375 3148 1554 3215 einige
1578 3163 1719 3201 neue
1756 3146 1867 3200 und
1892 3147 2093 3200 andere
2128 3145 2267 3201 noch
2294 3146 2446 3201 nicht
2482 3146 2647 3215 lange
2674 3147 3074 3215 aufgefundene

726 3234 1238 3304 Cyclamen-Arten‚
1279 3236 1334 3288 in
1376 3234 1538 3288 sseitr.
1577 3233 1689 3288 bot.
1730 3232 2025 3300 Centralbl.
2064 3232 2213 3297 XIX,
2250 3233 2320 3298 ΙΙ,
2360 3237 2407 3298 2,
2448 3234 2597 3289 1906.

585 3320 1025 3376 Hildebrand
1059 3321 1136 3386 F„
1191 3312 1340 3375 Uber
1376 3320 1674 3391 Cyclamen
1710 3320 1971 3389 pseudogt
1985 3337 2192 3385 aecum,
2230 3321 2284 3373 in
2326 3320 2673 3374 Gartenfiora
2710 3321 2864 3375 1906.

587 3406 1024 3465 Kruekovits
1059 3408 1124 3463 G.
1162 3408 1273 3461 und
1310 3406 1807 3462 Fleischmann
1844 3406 1929 3469 H,
1986 3406 2363 3461 Intereseante
2413 3402 2857 3463 Orchideen‘aus
2890 3408 3078 3473 Kortu,

731 3496 788 3547 in
826 3499 929 3549 bet.
966 3495 1076 3549 bot.
1117 3494 1376 3548 Zeitschr.
1418 3494 1566 3548 1907.

587 3580 938 3645 Leveille,
977 3580 1065 3635 Un
1102 3598 1357 3635 nouveau
1382 3580 1695 3651 Myosurus,
1735 3580 1792 3633 in
1828 3580 1958 3633 bull.
1999 3579 2150 3634 acad.
2176 3580 2435 3633 internat.
2475 3580 2542 3633 de
2564 3583 2749 3648 geogr.
2788 3580 2902 3635 bot.
2935 3582 3076 3636 1902.

587 3667 812 3721 Maire
847 3666 910 3721 R.
949 3670 1006 3721 et
1038 3666 1567 3735 Petitmenguin
1603 3666 1698 3730 M„
1755 3652 1932 3720 Etude
1969 3666 2067 3721 des
2102 3666 2323 3737 plantes
2347 3665 2689 3721 vasculaires
2710 3667 2983 3722 recoltees
3018 3686 3079 3721 en

727 3752 898 3808 Grece
937 3754 1128 3820 (1904),
1168 3754 1225 3807 in
1261 3753 1391 3808 bull.
1427 3771 1539 3808 soc.
1577 3770 1653 3808 sc.
1690 3753 1885 3823 Nancy
1924 3754 2075 3809 1907.

588 3839 634 3893 Τ
650 3857 804 3895 erra
820 3840 1027 3895 ciano
1064 3840 1146 3901 A..
1186 3839 1491 3909 Gagearum
1529 3856 1676 3909 spec.
1712 3840 1881 3892 florae
1919 3857 2012 3903 οι·.,
2050 3840 2107 3893 in
2144 3838 2273 3892 buu.
2309 3838 2458 3893 herb.
2501 3839 2649 3895 Bois.
2682 3840 2813 3894 1905
2850 3840 3078 3895 et1906.

589 3925 879 3981 Vandae
917 3926 991 3991 C„
1029 3926 1417 3980 Additamenta
1453 3927 1523 3980 ad
1557 3925 1701 3980 Flor.
1732 3926 1940 3979 Maced.
1966 3929 2026 3979 et
2051 3926 2317 3991 Thessal„
2354 3926 2411 3979 in
2436 3943 2619 3997 magy.
2647 3925 2757 3981 bot.
2796 3927 2905 3997 lap.
2934 3926 3077 3981 1905.

591 4012 878 4068 Vandas
915 4012 989 4077 0.,
1027 4012 1218 4067 Novae
1253 4012 1476 4083 plantae
1515 4012 1857 4077 Balcanicae‚
1896 4013 1953 4065 in
1990 4030 2172 4083 magy.
2208 4012 2321 4067 bot.
2356 4013 2464 4084 lap.
2506 4014 2655 4068 1905.
