3273 5134
1130 1397 1754 1507 Praefatio.

1339 1611 1546 1620 ————--·—-

363 1730 590 1793 Plures
633 1733 774 1792 anni
819 1730 1008 1811 elapsi
1038 1741 1180 1792 sunt
1208 1752 1284 1792 ex
1315 1739 1588 1811 tempore,
1641 1750 1761 1811 quo
1790 1729 2157 1811 Conspectus
2188 1729 2403 1793 Florae
2426 1731 2691 1794 Graecae

195 1834 250 1894 in
295 1835 608 1916 publicam
651 1835 846 1898 lucem
891 1836 1072 1898 venit.
1159 1835 1260 1896 Ex
1302 1855 1374 1897 eo
1418 1843 1677 1916 tempore
1722 1835 1977 1897 botaniei
2020 1834 2287 1914 indigeni
2331 1845 2391 1896 et
2434 1855 2691 1916 praeser-

199 1940 300 1999 tim
343 1942 812 2022 peregrinatores
844 1940 1124 2002 Graeciae
1168 1961 1444 2019 magnam
1475 1950 1700 2020 partem
1747 1939 1955 2001 iterum
1988 1938 2195 2001 sedulo
2223 1938 2690 2020 exploraverant.

196 2042 268 2104 In
321 2043 414 2104 his
485 2044 990 2127 explorationibus
1049 2065 1170 2106 non
1227 2043 1417 2106 solum
1475 2043 1607 2106 loca
1679 2065 1835 2106 nova
1891 2044 2188 2126 permulta
2245 2046 2566 2126 specierum
2627 2045 2689 2106 in

199 2147 542 2231 Conspectu
586 2151 708 2232 jam
739 2151 1152 2212 recensitarum
1184 2159 1362 2231 atque
1391 2149 1548 2211 cives
1593 2169 1783 2212 novae
1826 2169 1933 2231 pro
1977 2148 2129 2210 flora
2150 2169 2361 2230 graeca
2386 2151 2681 2224 inventae,

203 2253 302 2314 sed
349 2256 538 2316 etiam
585 2257 808 2336 species
851 2257 1098 2317 omnino
1141 2276 1334 2318 novae
1376 2255 1639 2318 detectae
1682 2263 1837 2316 sunt.

367 2360 644 2432 Accedit,
691 2359 850 2440 quod
879 2359 1316 2421 dissertationes
1359 2358 1687 2421 nonnullae
1730 2379 1963 2440 quoque
2006 2360 2069 2418 in
2112 2357 2311 2420 diariis
2356 2357 2693 2418 scientificis

205 2459 506 2542 dispersae
551 2463 762 2524 floram
806 2483 1070 2544 graecam
1117 2465 1641 2546 perlustraverunt.

367 2569 580 2631 Exhis
611 2571 802 2631 causis
833 2570 976 2631 mihi
994 2589 1115 2632 non
1141 2570 1344 2631 inutile
1361 2570 1689 2650 videbatur,
1720 2572 1830 2631 has
1861 2567 2343 2649 investigationes
2374 2565 2692 2629 floristicas

199 2671 254 2731 in
299 2671 412 2735 hoc
460 2672 879 2755 supplemento
922 2674 1087 2737 brevi
1133 2678 1196 2737 in
1241 2684 1558 2757 conspectu
1615 2696 1835 2757 ponere
1879 2684 1939 2735 et
1981 2674 2185 2735 amicis
2226 2673 2413 2735 florae
2456 2692 2697 2753 graecae

205 2772 492 2841 benevole
538 2780 965 2839 commendare.

367 2883 618 2956 Restat,
691 2893 762 2945 ut
817 2884 1036 2963 gratias
1110 2906 1290 2965 quam
1366 2885 1655 2945 maximas
1729 2904 1899 2963 agam
1974 2884 2117 2943 viris
2188 2880 2696 2963 praeclarissimis:

203 2982 632 3048 Adamovic
675 2986 770 3061 L„
816 2987 1190 3049 Bicknell
1220 2989 1308 3062 C„
1355 2988 1604 3049 Bretzl
1642 2988 1748 3059 Η.,
1797 2986 2209 3065 Grimburg
2238 2986 2323 3059 0.,
2370 2985 2701 3047 Lacaita

203 3086 288 3160 C„
377 3090 623 3152 Maire
655 3092 750 3163 R„
839 3092 1372 3173 Petitmengin
1413 3092 1520 3167 M„
1607 3090 1959 3153 Sterneck
2005 3090 2083 3163 J„
2169 3090 2456 3151 Tuntas
2502 3088 2573 3152 B.
2637 3100 2697 3151 et

207 3188 428 3257 Wille
467 3194 532 3255 N
537 3242 570 3268 .,
616 3196 716 3275 qui
747 3196 892 3255 mihi
937 3196 1177 3275 plantas
1219 3218 1356 3259 suas
1383 3198 1705 3259 exsiccatas
1738 3195 2071 3275 benigniter
2098 3194 2699 3256 communicaverunt.

207 3292 436 3359 Gratias
499 3320 736 3379 quoque
791 3302 1082 3361 maximas
1139 3292 1562 3363 illustrissimae
1619 3300 1953 3361 academiae
2010 3297 2332 3359 litterarum
2395 3316 2696 3359 caesareae

205 3397 628 3464 vindobonensi
674 3401 876 3468 debeo,
923 3424 1076 3483 quae
1121 3426 1214 3466 me
1257 3408 1317 3466 in
1363 3405 1616 3467 editione
1650 3402 1829 3484 hujus
1860 3400 2257 3484 supplementi
2286 3399 2697 3463 liberalissima

207 3505 610 3569 munificentia
654 3506 898 3570 adiuvit.
