3273 5134
381 449 489 500 Png.

373 821 472 875 180
577 859 590 876 2

374 1028 467 1083 181
589 1065 596 1076 .

373 1237 474 1292 182

371 1358 474 1412 183

375 1689 476 1742 184

379 1897 480 1950 185

379 2105 479 2160 186

385 2728 485 2781 188

393 3890 491 3943 189

395 4115 487 4169 191

395 4254 493 4307 192

541 343 610 402 18
1632 348 1935 400 Silenaceae.

715 518 937 582 Silene
981 518 1315 584 radicosa.
1393 519 1569 584 Adde
1620 519 1779 582 loca:
1838 520 2176 582 Thessalia:
2230 541 2315 600 pr.
2365 521 2680 582 Velitsena
2730 521 2789 580 in
2844 519 3062 581 Pindo

541 605 807 684 (Maire);
854 608 1221 668 Acarnania:
1269 617 1370 668 mt.
1416 607 1735 675 Bumistoa
1785 605 1979 686 Ypsili
2026 607 2302 688 Koryphi
2348 607 2608 686 (Maire);
2656 606 2921 668 Achaia:
2984 607 3059 666 in

539 694 681 774 jugo
717 693 1101 755 —Durduvana
1147 704 1249 756 mt.
1295 693 1573 756 Cheimos
1616 691 1869 772 (Maire).

543 900 635 978 (Μ
675 813 939 981 'Silene
999 812 1704 892 Schwarzenbergeri.
1795 813 1975 874 Adde
2018 813 2240 876 locum:
2295 814 2637 876 Thessalia:
2696 823 2799 875 mt.
2845 813 3063 893 Zygos

635 921 754 962 alre
780 949 793 964 .
1779 922 1787 930 '

543 1106 635 1186 (Μ
678 1108 692 1122 .
718 1018 944 1185 S)ileno
1021 1019 1391 1094 paradoxa.
1494 1020 1674 1082 Adde
1747 1021 1970 1083 locum:
2061 1021 2386 1082 Phthiotis:
2468 1042 2557 1101 pr.
2628 1019 3067 1082 Mavrolithari

637 1127 758 1169 aire
783 1155 796 1168 .

719 1227 946 1291 Silene
990 1227 1286 1292 Niederi.
1361 1228 1540 1290 Adde
1583 1228 1813 1291 locum:
1860 1228 2192 1290 Phthiotis:
2237 1250 2321 1309 pr.
2355 1227 2765 1290 Mavrolithari
2786 1227 3066 1308 (Maii-e).

719 1348 944 1411 Sileno
975 1348 1419 1423 cephallania.
1478 1347 1661 1411 Adde'
1687 1349 1912 1410 locum:
1960 1349 2331 1410 Acarnania:
2374 1371 2459 1430 pr.
2490 1349 2762 1430 Mytikas
2790 1349 3065 1428 (Maire).

718 1469 942 1532 Silone
987 1468 1243 1532 italica.
1319 1470 1495 1532 Adde
1537 1470 1763 1532 locum:
1808 1471 2177 1532 Acarnania:
2222 1491 2308 1550 pr.
2354 1471 2771 1534 monasterium
2802 1470 3069 1532 Romvo

546 1557 806 1637 (Maire);
852 1593 938 1604 -·
979 1563 1042 1638 β.
1071 1555 1438 1638 ναόοήζήονα.
1482 1557 1779 1619 Laconia:
1828 1566 1929 1618 mt.
1959 1558 2256 1638 Taygetos
2300 1578 2387 1637 pr.
2418 1557 2719 1637 Anavryti
2760 1557 3067 1636 (Leonis).

719 1675 908 1739 Silue
953 1676 1235 1743 Siobori.
1281 1677 1458 1739 Adde
1493 1678 1652 1739 loca:
1698 1677 1897 1739 Creta:
1944 1699 2033 1758 pr.
2082 1679 2338 1757 Anogya
2375 1677 2538 1739 distr.
2586 1677 3071 1757 Mylopotamos,

549 1785 637 1844 pr.
683 1763 922 1827 Selamo
966 1765 1130 1827 distr.
1176 1764 1470 1825 Temenos
1515 1764 1755 1843 (Bald.).

551 1972 589 2034 b
701 1883 954 2050 >Sileno
1021 1883 1464 1964 longipotala.
1554 1885 1735 1946 Adde
1786 1884 2011 1946 locum:
2084 1883 2357 1964 Argolis:
2420 1905 2507 1965 pr.
2566 1885 2763 1964 Argos
2820 1883 3069 1962 (Grim-

590 1992 701 2053 urg
726 2018 740 2033 .

725 2092 950 2155 Silene
995 2091 1338 2171 gigantea.
1412 2093 1592 2155 Adde
1632 2093 1796 2155 loca:
1843 2093 2125 2173 Corcyra:
2171 2114 2261 2173 pr.
2306 2091 3063 2173 Myrtiotissa(Biokne11›;

551 2181 794 2242 Phocis:
841 2200 927 2259 pr.
975 2178 1199 2259 Delphi
1246 2181 1502 2258 (Maire).

726 2317 874 2380 Obs.
915 2317 1121 2378 Adde:
1169 2316 1394 2380 Silene
1418 2315 1884 2379 arenarioides
1915 2315 2061 2380 Pers
2091 2338 2223 2398 syn.
2268 2318 2319 2380 1.
2352 2339 2410 2398 p.
2442 2321 2568 2380 499
2600 2328 2662 2378 et
2690 2316 2758 2378 S.
2784 2315 3061 2378 atocion

555 2405 715 2467 Pers.
762 2402 802 2465 l.
848 2425 897 2464 c.
944 2439 1025 2449 —
1073 2403 1172 2464 Ex
1217 2404 1565 2465 confusione
1611 2425 1647 2465 a
1692 2404 1847 2465 Pieri
1891 2404 1960 2468 fl.
2008 2425 2155 2466 core.
2201 2426 2262 2484 p.
2297 2409 2554 2466 33—34
2598 2425 2687 2484 pr.
2736 2403 2881 2483 Ipso
2910 2403 3057 2464 Cor·

555 2510 726 2571 cyrae
772 2490 1120 2551 indicantur.

729 2610 977 2686 Drypis
1023 2611 1328 2685 spinosa.
1419 2612 1600 2674 Adde
1643 2612 1866 2674 locum:
1914 2612 2123 2674 Doris:
2170 2620 2273 2673 mt.
2319 2612 2527 2674 Kiona
2566 2610 2819 2691 (Maire).

730 2730 1105 2805 saponaria
1178 2731 1545 2794 calabrico.
1636 2733 1844 2806 Hanc,
1917 2734 2254 2813 praesertim
2311 2742 2550 2813 propter
2609 2731 2821 2812 petalis
2886 2731 3057 2792 dimi·

555 2820 745 2891 nutiS,
795 2827 862 2879 ut
906 2820 1155 2899 speciem
1200 2820 1495 2899 propriam
1540 2841 1705 2880 nunc
1750 2820 1938 2881 habeo
1982 2829 2043 2879 et
2085 2820 2161 2881 ad
2205 2839 2337 2880 eam
2368 2817 2438 2885 S.
2473 2815 2796 2883 aene-siam
2832 2817 3055 2879 Heldr.

555 2904 802 2977 adducO,
848 2926 990 2967 nam
1033 2927 1067 2966 e
1099 2906 1518 2987 speciminibus
1563 2908 1890 2967 numerosis
1934 2928 1967 2967 e
1998 2905 2274 2968 Calabria
2308 2906 2567 2985 acceptis
2596 2905 2774 2985 (Rigo
2809 2907 2875 2967 it.
2926 2904 3055 2965 ital.

559 2991 670 3053 IV.
718 3013 774 3051 n.
825 2994 976 3069 322)
1021 3012 1334 3072 persuasus
1379 3013 1508 3054 sum
1553 2994 1629 3055 de
1674 2992 1976 3053 identitate
2020 2993 2229 3053 harum
2274 2992 2527 3053 duarum
2574 2992 2865 3071 stirpium.
2912 2990 3061 3051 Huc

557 3077 744 3139 refero
788 3076 941 3140 loca:
1013 3087 1112 3143 mt.
1171 3082 1377 3140 Aenos
1433 3079 1851 3159 cephaloniae,
1912 3100 1999 3159 pr.
2064 3078 2372 3139 Kalentini
2431 3079 2495 3138 in
2554 3078 2773 3157 Epirus
2830 3086 2895 3138 et
2948 3089 3057 3137 mt.

559 3163 762 3226 Pelion
809 3164 1165 3239 Thessaliae,
1226 3166 1610 3246 probabiliter
1668 3186 1901 3247 quoque
1958 3167 2074 3227 huc
2126 3174 2398 3245 spectant
2452 3165 2585 3225 loca
2644 3173 2745 3225 mt.
2791 3162 2860 3223 M
2864 3162 3059 3224 icikeli

559 3262 618 3313 et
676 3250 935 3331 Olycika
993 3253 1052 3313 in
1115 3252 1319 3333 Epiro,
1381 3253 1540 3314 unde
1601 3264 1798 3313 tamen
1854 3253 2149 3314 exsiccata
2206 3272 2329 3311 non
2384 3252 2527 3313 vidi.
2600 3250 2768 3312 Loca
2818 3250 2939 3310 alia
2998 3251 3057 3309 in

559 3348 877 3418 conspectu
921 3337 1178 3401 indicata
1235 3340 1313 3401 ad
1371 3338 1439 3403 S.
1483 3359 1785 3421 yraecam
1842 3340 2163 3419 pertinent,
2224 3358 2375 3417 quae
2432 3338 2625 3399 variat
2676 3336 3064 3417 pubescentia

560 3424 755 3485 minus
799 3424 986 3487 densa
1030 3427 1342 3507 praecipue
1385 3426 1661 3493 caulium.
1708 3428 1793 3487 uti
1841 3426 1901 3485 in
1922 3424 2345 3505 speciminibus
2362 3422 2670 3485 nonnullis
2701 3427 2835 3499 (nec
2864 3424 3057 3484 omni·

559 3510 694 3591 bus)
739 3512 1182 3591 corcyrensibus
1225 3524 1286 3573 et
1343 3514 1405 3572 in
1453 3514 1536 3574 eis
1598 3534 1631 3573 e
1678 3524 1780 3575 mt.
1838 3512 2137 3592 Splithara
2191 3510 2493 3572 Laconiae
2538 3531 2575 3571 a
2620 3508 2831 3571 Heldr.
2892 3508 3059 3572 herb.

562 3618 745 3661 nerm.
795 3619 853 3658 n.
906 3604 1066 3659 1517
1117 3600 1228 3661 sub
1271 3597 1339 3663 S.
1380 3597 1709 3663 Calabrica
1746 3620 1801 3663 v.
1852 3596 2305 3663 Bosssieviana
2348 3598 2522 3657 editis
2566 3608 2627 3657 et
2678 3594 3061 3675 pubescentia

563 3683 915 3745 densissima
958 3686 1225 3746 omnium
1272 3686 1548 3766 partium.
1622 3685 1797 3746 Haec
1842 3686 2089 3747 occurrit
2131 3704 2364 3766 quoque
2417 3685 2480 3743 in
2539 3694 2639 3745 mt.
2685 3681 2959 3742 Bumisto
3004 3692 3065 3742 et

563 3770 762 3851 Ypsili
807 3771 1080 3852 Koryphi
1127 3773 1504 3833 Acarnaniae
1550 3772 1802 3853 (Maire).

735 3890 1065 3953 vaccaria
1112 3890 1500 3965 pei-foliata.
1589 3892 1771 3954 Adde
1814 3892 1973 3953 loca:
2024 3892 2278 3954 Achaia:
2324 3900 2425 3951 mt.
2473 3888 2736 3969 Kyllene
2782 3888 3065 3967 (Bretzl);

565 3977 833 4039 Euboea:
879 3988 981 4042 mt.
1029 3977 1369 4040 Telethrion
1416 3979 1684 4055 (Bretzl);
1732 3979 1934 4041 Creta:
1985 3988 2091 4041 mt.
2144 3976 2428 4057 Kophino
2470 3975 2711 4055 (sala).

739 4115 1154 4193 Gypsophila
1197 4118 1522 4180 thessala.
1613 4118 1792 4179 Adde
1835 4118 2060 4179 locum:
2107 4117 2353 4178 Phocis:
2401 4136 2486 4195 pr.
2534 4112 2757 4194 Delphi
2805 4114 3065 4191 (Maire).

741 4254 1154 4333 Gypsophila
1198 4274 1405 4318 nana.
1455 4256 1661 4318 Adde:
1706 4264 1767 4339 β.
1809 4254 2207 4341 ylabrzfolia.
2254 4252 2539 4318 Caulibus
2581 4252 2831 4327 inferne,
2884 4254 3069 4315 foliis·

565 4364 679 4423 que
723 4342 1101 4423 glaberrimiS.
1147 4344 1415 4407 Ulterius
1460 4343 1847 4417 observanda,
1892 4364 2051 4404 anne
2103 4344 2351 4421 speciem
2398 4339 2693 4422 propriam
2738 4340 2931 4403 sistet.
2978 4374 3066 4387 —-

565 4431 828 4493 Exsicc.:
875 4430 1066 4492 Maire
1108 4442 1168 4491 et
1200 4432 1436 4493 Petitm.
1483 4431 1641 4491 miss.
1690 4430 1805 4491 bot.
1852 4450 1933 4493 or.
1982 4450 2035 4493 a.
2086 4433 2251 4492 1906
2298 4450 2358 4491 n.
2398 4433 2579 4490 1425.
2610 4462 2696 4473 —
2724 4426 2941 4487 Doris:
2986 4426 3067 4487 ad

567 4538 746 4598 rupes
785 4518 1076 4579 calcareas
1121 4530 1222 4580 mt.
1273 4518 1478 4578 Kiona
1521 4516 1652 4577 loco
1682 4515 2041 4596 Platylithos
2084 4516 2243 4576 dicto
2272 4514 2521 4593 (Maire).
