3273 5134
513 348 649 404 XVI
1593 353 1925 402 Introductis.

512 523 636 585 His
701 543 936 604 quoque
991 523 1222 584 schistis
1281 543 1570 584 marmora
1631 533 1693 586 et
1742 524 1949 586 albida
2010 533 2073 585 et
2128 524 2479 604 nigricantia
2542 526 2794 586 instrata
2856 535 3016 588 sunt.

513 611 766 674 Talibus
811 631 894 672 ex
933 611 1168 670 schistis
1213 621 1274 670 et
1328 610 1717 672 marmoribus
1774 621 2005 673 montes
2058 611 2213 673 circa
2259 612 2533 673 Athenas
2575 613 2671 672 siti
2712 611 3022 692 compositi

518 708 662 759 aunt
709 707 776 757 ut
813 697 1142 776 Hymettus
1187 710 1248 758 et
1277 697 1642 769 Pentelicon‚
1688 697 1903 758 deinde
1944 698 2342 759 meridionalis
2372 699 2609 760 Atucae
2650 708 2713 758 et
2738 697 3025 760 Euboeae

518 795 738 864 partes,
801 784 1068 862 regiones
1121 783 1278 864 apud
1334 785 1526 844 sinum
1571 783 1941 864 Pagasaeum
1988 785 2147 846 sitae.
2236 785 2315 846 In
2359 784 2773 865 Peloponneso
2816 785 3023 846 senisu

517 871 760 950 argillae
821 883 882 931 et
936 871 1118 930 micas
1177 872 1546 930 continentes
1613 880 1675 931 et
1731 890 1878 931 saxa
1934 871 2167 934 silicata
2224 872 2609 933 inveniuntur
2662 873 2725 932 in
2785 871 3023 933 cholmi

521 958 744 1020 montis
789 969 957 1036 parte
1002 959 1446 1058 septemtriones
1478 977 1683 1018 versus
1711 957 1956 1030 decliva,
2002 959 2065 1018 in
2096 959 2389 1020 Arcadiae
2432 968 2597 1039 parte
2641 957 3023 1031 meridionali,

517 1045 580 1104 in
623 1044 862 1104 Parnon
909 1055 1126 1114 monte,
1171 1046 1234 1104 in
1283 1043 1572 1106 ambobus
1601 1043 1853 1124 Taygeti
1898 1044 2197 1118 lateribus,
2241 1065 2361 1124 quo
2404 1045 2535 1106 loco
2580 1055 3033 1106 marmoratam

517 1129 706 1192 multa
749 1139 904 1198 sunt,
967 1141 1036 1192 ut
1077 1131 1290 1192 Maina
1347 1130 1673 1218 peninsula
1707 1141 1833 1192 tota
1874 1131 1998 1192 fere
2040 1152 2115 1192 ex
2160 1132 2551 1193 marmoribus
2594 1131 3025 1210 nigricantibus

517 1226 818 1278 exstructa
862 1216 952 1277 sit.

691 1307 748 1380 c)
789 1303 852 1364 A
897 1303 1115 1384 quibus
1173 1302 1422 1376 schistiS,
1478 1300 1721 1365 subisti
1766 1303 1867 1383 qui
1908 1305 1971 1364 in
2015 1301 2339 1381 Argolide
2384 1305 2768 1366 inveniuntur
2810 1303 3021 1365 distin·

519 1391 737 1470 guendi
783 1401 940 1463 sunt,
999 1410 1074 1451 ex
1128 1389 1346 1469 quibus
1399 1411 1536 1450 cum
1583 1390 1743 1450 saxis
1796 1390 2073 1452 arenariis
2116 1400 2179 1452 et
2218 1391 2651 1472 petrosilicibus
2694 1392 3023 1471 squamosis

519 1477 852 1556 conjunctis
897 1477 1200 1538 inferiores
1234 1476 1687 1538 Arachnaeonis
1730 1477 1947 1538 montis
1989 1486 2187 1556 partes
2230 1478 2295 1537 in
2340 1478 2639 1539 meridiem
2684 1487 3023 1558 spectantes

520 1575 581 1625 et
643 1563 868 1625 Aderes
927 1583 1104 1624 mons
1169 1565 1524 1643 compositus
1583 1573 1697 1636 est;
1765 1575 2063 1644 praeterea
2127 1565 2193 1623 in
2252 1563 2591 1644 regionibus
2649 1565 2729 1626 ab
2784 1561 3021 1625 Isthmo

521 1651 962 1730 septemtriones
1006 1669 1210 1710 versus
1256 1651 1380 1710 sitis
1425 1651 1828 1712 inveniuntur.

696 1737 761 1816 d)
811 1735 1122 1798 Calcaria.
1165 1751 1360 1812 saxa,
1418 1757 1570 1817 quae
1627 1738 1687 1796 in
1749 1737 2055 1798 montibus
2100 1737 2346 1799 Graecis
2399 1737 2798 1808 inveniuntur,
2858 1755 3025 1817 prae—

523 1825 694 1904 cipue
738 1823 1073 1884 formationi
1103 1824 1420 1884 cretacicae
1463 1824 1909 1885 adnumeranda
1955 1834 2111 1884 sunt.
2188 1823 2371 1885 Cuius
2414 1824 2781 1884 formationis
2810 1823 3026 1884 funda-

525 1911 737 1970 mentis
783 1930 930 1970 saxa
971 1909 1224 1972 calcaria
1267 1911 1500 1990 propria
1544 1921 1703 1982 sunt,
1755 1930 1907 1990 quae
1950 1929 2055 1990 per
2097 1909 2442 1990 Argolidem
2488 1908 3024 1990 septemtrionalem

525 1997 835 2076 pertinent.
927 1995 1028 2056 Ex
1073 1997 1236 2057 saxis
1285 1996 1552 2058 calcariis
1605 1996 1944 2058 formationi
2002 1998 2315 2058 cretacicae
2368 1997 2825 2058 adnumerandis
2870 1995 3029 2059 Oeta.

528 2103 714 2154 mone,
783 2083 987 2144 Kiona
1040 2103 1134 2153 m.,
1203 2083 1533 2144 Parnassus
1587 2103 1685 2156 m.,
1754 2093 1986 2145 montes
2046 2086 2199 2145 circa
2256 2084 2579 2163 Copaidem
2645 2083 2840 2146 lacum
2907 2085 3021 2156 siti,

526 2169 878 2249 Kythaeron
927 2189 1024 2242 m.,
1083 2169 1326 2230 Paterae
1385 2179 1445 2230 et
1487 2170 1713 2230 Parnes
1758 2192 1851 2244 m.,
1912 2171 2137 2232 mediae
2182 2170 2463 2232 Euboeae
2516 2191 2669 2250 pars,
2730 2170 3027 2234 Geraniae

525 2277 664 2336 pars
717 2257 996 2316 orientem
1055 2277 1260 2318 versus
1321 2257 1446 2328 sita,
1510 2257 1818 2336 Argolidis
1876 2277 2013 2338 pars
2058 2260 2212 2318 inter
2254 2258 2649 2318 Arachnaeon
2692 2268 2753 2318 et
2796 2257 3029 2317 Aderea

527 2353 758 2405 montes
827 2345 940 2404 sita
997 2353 1447 2422 componuntur.
1537 2343 1612 2404 In
1673 2344 1977 2404 nonnullis
2023 2343 2306 2405 Graeciae
2362 2345 2629 2424 partibus
2686 2343 2877 2405 calces
2938 2344 3031 2402 in-

530 2431 860 2501 veniuntur,
921 2430 1138 2508 quibus
1181 2430 1468 2491 Rudistae
1511 2439 1570 2490 et
1611 2429 1675 2490 N
1678 2430 2017 2492 umulitides
2069 2430 2333 2492 inclusae
2378 2441 2533 2504 sunt,
2593 2451 2747 2510 quae
2798 2429 3033 2490 fossilia

529 2517 592 2577 in
637 2517 804 2578 terris
849 2516 1002 2577 circa
1031 2537 1190 2579 mare
1221 2516 1710 2579 mediterraneum
1740 2519 1867 2579 sitis
1906 2517 2239 2580 formationi
2268 2519 2581 2580 cretacicae
2623 2529 2683 2579 et
2726 2517 3029 2580 vetustiori

529 2604 898 2665 formationis
959 2604 1248 2665 tertiariae
1313 2607 1492 2665 aetati
1550 2606 1787 2685 propria
1843 2616 2002 2667 sunt.
2088 2605 2337 2667 Talibus
2395 2626 2473 2665 ex
2538 2607 2697 2665 saxis
2764 2604 3035 2667 calcariis

531 2689 760 2751 insulae
812 2689 1061 2752 «Ionicae
1119 2701 1295 2771 atque
1350 2691 1728 2752 Acarnaniae
1786 2702 1846 2751 et
1897 2692 2170 2753 Aetoliae
2226 2702 2457 2753 montes
2510 2693 2815 2771 compositi
2872 2706 3031 2763 sunt,

531 2777 596 2837 in
639 2776 1079 2856 Peleponneso:
1143 2776 1420 2838 Chelmos
1465 2798 1560 2850 m.,
1607 2778 1874 2858 Kyllene
1920 2800 2011 2850 m.,
2058 2778 2369 2839 Maenalos
2415 2800 2491 2839 m.
2536 2778 2697 2857 apud
2741 2776 3033 2857 Tripolim

532 2865 694 2935 situS,
755 2873 977 2924 tractus
1036 2866 1326 2924 montium
1388 2865 1585 2925 media
1619 2865 1689 2925 in
1734 2865 1995 2927 Arcadia
2042 2866 2219 2938 situs,
2280 2866 2575 2945 Taygetos
2622 2886 2715 2937 m.,
2772 2865 3033 2923 maxima

531 2951 828 3011 Laconiae
873 2950 1170 3011 orientalis
1211 2972 1362 3031 pars

705 3041 761 3115 e)
804 3036 988 3097 Haud
1037 3058 1167 3098 raro
1211 3038 1508 3098 invenitur
1550 3040 1609 3098 in
1660 3038 1915 3101 Graecia
1972 3039 2179 3098 aetatis
2238 3038 2525 3099 tertiariae
2580 3037 2853 3097 formatio
2912 3034 3033 3107 illa,

531 3144 683 3203 quae
741 3124 802 3183 in
858 3123 1122 3203 Alpibus
1178 3122 1545 3200 „Flysch“‚
1615 3126 1681 3184 in
1735 3124 1911 3185 Italia
1971 3124 2381 3202 „Macigno“
2448 3136 2625 3203 atque
2681 3122 3037 3198 „Jasenoss

535 3211 910 3281 nominatum
971 3221 1112 3271 sunt
1155 3231 1301 3271 saxa
1345 3231 1621 3271 marnosa
1664 3221 1724 3271 et
1767 3212 2046 3281 arenaria,
2100 3212 2315 3291 quibus
2361 3210 2549 3271 calces
2594 3209 3039 3269 nummuliticae

539 3306 717 3375 atque
763 3296 1016 3357 calcaria
1058 3297 1496 3377 conglomerata
1540 3297 1941 3359 includunt-ur.
2017 3298 2203 3359 Cuius
2248 3298 2403 3358 modi
2450 3306 2630 3357 strata
2676 3298 2733 3355 in
2783 3296 3036 3357 Graecia

538 3384 668 3462 ipsa
713 3384 775 3442 in
821 3382 1072 3443 Acheloi
1133 3396 1194 3444 et
1235 3384 1510 3463 Sperchei
1571 3386 1883 3463 superioris
1940 3385 2192 3463 regione,
2252 3386 2313 3443 in
2359 3383 2771 3461 Peloponneso
2816 3384 2877 3441 in
2921 3382 3039 3442 col·

541 3468 700 3530 libus
748 3468 946 3530 Oleno
992 3472 1174 3530 monti
1221 3471 1578 3531 occidentem
1631 3490 1834 3531 versus
1878 3471 2238 3550 praepositis
2286 3472 2347 3530 in
2390 3468 2701 3530 nonnullis
2746 3468 3043 3529 Arcadiae

541 3564 602 3615 et
647 3555 978 3617 Messeniae
1021 3556 1304 3636 partibuS,
1361 3557 1580 3637 quibus
1625 3559 1689 3617 in
1734 3559 2045 3637 provinciis
2088 3558 2313 3617 minore
2355 3557 2699 3617 extensione
2742 3564 2897 3627 sunt,
2952 3556 3041 3613 in·

540 3660 885 3704 veniuntur.

714 3729 762 3803 f)
808 3730 908 3790 Ex
952 3731 1112 3790 saxis
1157 3731 1231 3790 de
1285 3731 1502 3810 quibus
1561 3731 1759 3791 adhuc
1811 3732 2057 3810 egimuS,
2120 3732 2377 3792 maxima
2434 3730 2671 3810 quidem
2737 3748 2812 3790 ex
2872 3738 3043 3809 parte

543 3814 828 3876 Graeciae
872 3828 1119 3890 montes,
1180 3819 1521 3897 priusquam
1584 3827 1767 3877 strata
1825 3821 2032 3877 aetatis
2092 3819 2381 3878 tertiariae
2424 3818 2760 3898 posterioris
2804 3815 3039 3875 exstite-

540 3914 694 3973 runt,
757 3903 990 3963 formati
1035 3914 1204 3974 sunt;
1267 3904 1326 3964 in
1374 3924 1622 3983 quorum
1670 3905 1955 3963 montium
2002 3924 2180 3984 rugas
2226 3914 2405 3983 atque
2448 3905 2611 3964 sinus
2670 3903 2876 3963 aetatis
2930 3909 3041 3959 ter-

543 3990 748 4049 tiariae
793 3990 1040 4049 minoris
1085 4010 1246 4059 saxa,
1307 4010 1458 4069 quae
1508 4000 1616 4050 aut
1664 4006 1985 4051 marnosa
2029 3988 2349 4051 arenaria
2390 4002 2498 4051 aut
2541 3989 3043 4067 conglomerata

541 4086 602 4135 et
661 4074 980 4136 arenaria
1039 4089 1193 4147 sunt,
1255 4088 1438 4137 strata
1493 4088 1649 4137 sunt.
1739 4077 1913 4153 Quae
1970 4097 2117 4138 saxa
2169 4078 2460 4157 imprimis
2519 4079 2580 4137 in
2629 4073 3045 4154 Peleponneso

548 4162 964 4235 inveniuntur;
1011 4184 1086 4223 ex
1130 4164 1198 4223 iis
1243 4174 1438 4242 partes
1483 4162 1671 4223 litoris
1714 4164 1999 4224 Corinthii
2044 4175 2103 4224 et
2148 4166 2313 4224 sinus
2343 4164 2573 4225 Patraei
2617 4158 3043 4233 meridionaleS,

548 4249 761 4309 deinde
809 4250 1069 4310 maxima
1100 4250 1294 4310 Elidis
1335 4270 1471 4329 pars
1503 4260 1799 4311 exstructa
1840 4262 1953 4324 est3
2001 4262 2298 4330 praeterea
2342 4272 2575 4331 quoque
2620 4251 2679 4309 in
2729 4248 3043 4319 Messenia,

547 4336 612 4395 in
645 4336 924 4407 Laconia,
971 4338 1034 4396 in
1067 4336 1368 4416 Argolidis
1414 4357 1516 4397 ora
1559 4337 1859 4398 meridiem
1890 4358 2092 4398 versus
2124 4340 2238 4399 sita
2268 4340 2666 4399 inveniuntur.
2730 4336 2808 4396 In
2853 4334 3047 4393 media

548 4422 801 4483 Graecia
845 4432 1032 4483 strata
1074 4425 1282 4483 aetatis
1329 4424 1618 4484 tertiariae
1664 4425 1905 4485 minoris
1948 4424 2201 4485 clivosas
2246 4424 2528 4496 Locridis,
2588 4422 2881 4493 Boeotiae,
2936 4420 3047 4479 At·

545 4510 706 4578 ticae,
755 4508 1034 4570 Euboeae
1079 4522 1272 4589 partes
1316 4510 1622 4589 obtegunt.
